
  <record>
    <leader>01021nam a2200241 a 4500</leader>
    <controlfield tag="001">u3</controlfield>
    <controlfield tag="003">SIRSI</controlfield>
    <controlfield tag="008">840507s1909    gw            00010 ger d</controlfield>
    <datafield tag="035" ind1=" " ind2=" ">
      <subfield code="a">(Sirsi) o10699336</subfield>
    </datafield>
    <datafield tag="035" ind1=" " ind2=" ">
      <subfield code="a">(OCoLC)10699336</subfield>
    </datafield>
    <datafield tag="040" ind1=" " ind2=" ">
      <subfield code="a">VLW</subfield>
      <subfield code="c">VLW</subfield>
      <subfield code="d">VA@</subfield>
    </datafield>
    <datafield tag="049" ind1=" " ind2=" ">
      <subfield code="a">VA@@</subfield>
    </datafield>
    <datafield tag="090" ind1=" " ind2=" ">
      <subfield code="a">DC341</subfield>
      <subfield code="b">.G615 1909</subfield>
      <subfield code="m">VA@@</subfield>
      <subfield code="q">ALDERMAN</subfield>
    </datafield>
    <datafield tag="100" ind1="1" ind2=" ">
      <subfield code="a">Gontaut-Biron, Élie,</subfield>
      <subfield code="c">vicomte de,</subfield>
      <subfield code="d">1818?-l890.</subfield>
    </datafield>
    <datafield tag="245" ind1="1" ind2="0">
      <subfield code="a">Meine Botschafterzeit am Berliner hofe l872-1877 /</subfield>
      <subfield code="c">von Vicomte de Gontaut-Biron. Autorisiert Übersetzung aus dem Französischen von D. v. Pfaff.</subfield>
    </datafield>
    <datafield tag="260" ind1=" " ind2=" ">
      <subfield code="a">Berlin :</subfield>
      <subfield code="b">K. Siegismund,</subfield>
      <subfield code="c">1909.</subfield>
    </datafield>
    <datafield tag="300" ind1=" " ind2=" ">
      <subfield code="a">xix, 704 p. ;</subfield>
      <subfield code="c">24 cm.</subfield>
    </datafield>
    <datafield tag="500" ind1=" " ind2=" ">
      <subfield code="a">Translation of Mon ambassade en Allemagne (1872-73) and Dernières années de l'ambassade en Allemagne (1874-77).</subfield>
    </datafield>
    <datafield tag="596" ind1=" " ind2=" ">
      <subfield code="a">2</subfield>
    </datafield>
    <datafield tag="651" ind1=" " ind2="0">
      <subfield code="a">France</subfield>
      <subfield code="x">Foreign relations</subfield>
      <subfield code="z">Germany.</subfield>
    </datafield>
    <datafield tag="651" ind1=" " ind2="0">
      <subfield code="a">Germany</subfield>
      <subfield code="x">Foreign relations</subfield>
      <subfield code="z">France.</subfield>
    </datafield>
    <datafield tag="651" ind1=" " ind2="0">
      <subfield code="a">Europe</subfield>
      <subfield code="x">Politics and government</subfield>
      <subfield code="y">1871-1918.</subfield>
    </datafield>
    <datafield tag="999" ind1=" " ind2=" ">
      <subfield code="a">DC341 .G615 1909</subfield>
      <subfield code="w">LC</subfield>
      <subfield code="c">1</subfield>
      <subfield code="i">X001098762</subfield>
      <subfield code="d">8/6/1991</subfield>
      <subfield code="l">ALD-STKS</subfield>
      <subfield code="m">ALDERMAN</subfield>
      <subfield code="q">1</subfield>
      <subfield code="r">Y</subfield>
      <subfield code="s">Y</subfield>
      <subfield code="t">BOOK</subfield>
      <subfield code="u">6/28/1996</subfield>
      <subfield code="x">H-NOTIS</subfield>
    </datafield>
  </record>