
  <record>
    <leader>01056nam a2200325 a 4500</leader>
    <controlfield tag="001">u34</controlfield>
    <controlfield tag="003">SIRSI</controlfield>
    <controlfield tag="008">840731s1982    it af    bc   00110bita  </controlfield>
    <datafield tag="010" ind1=" " ind2=" ">
      <subfield code="a">   84193130 /MN</subfield>
    </datafield>
    <datafield tag="020" ind1=" " ind2=" ">
      <subfield code="a">8870630226 :</subfield>
      <subfield code="c">L25000</subfield>
    </datafield>
    <datafield tag="035" ind1=" " ind2=" ">
      <subfield code="a">(Sirsi) o10700309</subfield>
    </datafield>
    <datafield tag="035" ind1=" " ind2=" ">
      <subfield code="a">(OCoLC)10700309</subfield>
    </datafield>
    <datafield tag="039" ind1="0" ind2=" ">
      <subfield code="a">2</subfield>
      <subfield code="b">3</subfield>
      <subfield code="c">3</subfield>
      <subfield code="d">3</subfield>
      <subfield code="e">3</subfield>
    </datafield>
    <datafield tag="040" ind1=" " ind2=" ">
      <subfield code="a">DLC</subfield>
      <subfield code="c">DLC</subfield>
      <subfield code="d">VA@</subfield>
    </datafield>
    <datafield tag="049" ind1=" " ind2=" ">
      <subfield code="a">VA@$</subfield>
    </datafield>
    <datafield tag="050" ind1="0" ind2=" ">
      <subfield code="a">ML410.B98</subfield>
      <subfield code="b">S2 1982</subfield>
    </datafield>
    <datafield tag="082" ind1="0" ind2=" ">
      <subfield code="a">780/.92/4</subfield>
      <subfield code="a">B</subfield>
      <subfield code="2">19</subfield>
    </datafield>
    <datafield tag="090" ind1=" " ind2=" ">
      <subfield code="a">ML410.B98</subfield>
      <subfield code="b">S2 1982</subfield>
      <subfield code="m">VA@$</subfield>
      <subfield code="q">MUSIC</subfield>
    </datafield>
    <datafield tag="100" ind1="1" ind2=" ">
      <subfield code="a">Sablich, Sergio,</subfield>
      <subfield code="d">1951-2005</subfield>
    </datafield>
    <datafield tag="245" ind1="1" ind2="0">
      <subfield code="a">Busoni /</subfield>
      <subfield code="c">Sergio Sablich.</subfield>
    </datafield>
    <datafield tag="260" ind1=" " ind2=" ">
      <subfield code="a">Torino :</subfield>
      <subfield code="b">EDT/musica,</subfield>
      <subfield code="c">c1982.</subfield>
    </datafield>
    <datafield tag="300" ind1=" " ind2=" ">
      <subfield code="a">vi, 375 p., [8] p. of plates :</subfield>
      <subfield code="b">ill. ;</subfield>
      <subfield code="c">23 cm.</subfield>
    </datafield>
    <datafield tag="440" ind1=" " ind2="0">
      <subfield code="a">Biblioteca di cultura musicale.</subfield>
      <subfield code="p">Autori e opere.</subfield>
    </datafield>
    <datafield tag="500" ind1=" " ind2=" ">
      <subfield code="a">"Catalogo delle opere": p. [319]-357.</subfield>
    </datafield>
    <datafield tag="500" ind1=" " ind2=" ">
      <subfield code="a">Includes index.</subfield>
    </datafield>
    <datafield tag="504" ind1=" " ind2=" ">
      <subfield code="a">Bibliography: p. 361-370.</subfield>
    </datafield>
    <datafield tag="596" ind1=" " ind2=" ">
      <subfield code="a">14</subfield>
    </datafield>
    <datafield tag="600" ind1="1" ind2="0">
      <subfield code="a">Busoni, Ferruccio,</subfield>
      <subfield code="d">1866-1924.</subfield>
    </datafield>
    <datafield tag="650" ind1=" " ind2="0">
      <subfield code="a">Composers</subfield>
      <subfield code="z">Italy</subfield>
      <subfield code="v">Biography.</subfield>
    </datafield>
    <datafield tag="999" ind1=" " ind2=" ">
      <subfield code="a">ML410 .B98 S2 1982</subfield>
      <subfield code="w">LC</subfield>
      <subfield code="c">1</subfield>
      <subfield code="i">X001353032</subfield>
      <subfield code="d">6/28/1996</subfield>
      <subfield code="l">IVYANNEX</subfield>
      <subfield code="m">IVY</subfield>
      <subfield code="r">Y</subfield>
      <subfield code="s">Y</subfield>
      <subfield code="t">BOOK</subfield>
      <subfield code="u">6/28/1996</subfield>
      <subfield code="x">H-NOTIS</subfield>
    </datafield>
  </record>