
  <record>
    <leader>03904pam a2200601 a 4500</leader>
    <controlfield tag="001">u55</controlfield>
    <controlfield tag="003">SIRSI</controlfield>
    <controlfield tag="008">840322m19849999ksua     b    00110ceng  </controlfield>
    <datafield tag="010" ind1=" " ind2=" ">
      <subfield code="a">   84005287</subfield>
    </datafield>
    <datafield tag="020" ind1=" " ind2=" ">
      <subfield code="a">091145909X (v. 1)</subfield>
    </datafield>
    <datafield tag="035" ind1=" " ind2=" ">
      <subfield code="a">(Sirsi) o10696561</subfield>
    </datafield>
    <datafield tag="035" ind1=" " ind2=" ">
      <subfield code="a">(OCoLC)10696561</subfield>
    </datafield>
    <datafield tag="035" ind1=" " ind2=" ">
      <subfield code="b">MX786425=@V1C1;DX786426=@V2C1;AX907389=UV1C2;CX9 07388=UV2C2</subfield>
    </datafield>
    <datafield tag="039" ind1="0" ind2=" ">
      <subfield code="a">2</subfield>
      <subfield code="b">3</subfield>
      <subfield code="c">3</subfield>
      <subfield code="d">3</subfield>
      <subfield code="e">3</subfield>
    </datafield>
    <datafield tag="040" ind1=" " ind2=" ">
      <subfield code="a">DLC</subfield>
      <subfield code="c">DLC</subfield>
      <subfield code="d">VA@</subfield>
    </datafield>
    <datafield tag="043" ind1=" " ind2=" ">
      <subfield code="a">e-uk-en</subfield>
    </datafield>
    <datafield tag="049" ind1=" " ind2=" ">
      <subfield code="a">VA@@[Also in][Clemons]</subfield>
      <subfield code="a">VA@U</subfield>
    </datafield>
    <datafield tag="050" ind1="0" ind2=" ">
      <subfield code="a">PR4231</subfield>
      <subfield code="b">.A4 1984</subfield>
    </datafield>
    <datafield tag="082" ind1="0" ind2=" ">
      <subfield code="a">821/.8</subfield>
      <subfield code="a">B</subfield>
      <subfield code="2">19</subfield>
    </datafield>
    <datafield tag="090" ind1=" " ind2=" ">
      <subfield code="a">PR4231</subfield>
      <subfield code="b">.A43 1984</subfield>
      <subfield code="m">VA@U</subfield>
      <subfield code="q">CLEMONS</subfield>
    </datafield>
    <datafield tag="090" ind1=" " ind2=" ">
      <subfield code="a">PR4231</subfield>
      <subfield code="b">.A43 1984</subfield>
      <subfield code="m">VA@@</subfield>
      <subfield code="q">ALDERMAN</subfield>
    </datafield>
    <datafield tag="100" ind1="1" ind2=" ">
      <subfield code="a">Browning, Robert,</subfield>
      <subfield code="d">1812-1889.</subfield>
    </datafield>
    <datafield tag="245" ind1="1" ind2="4">
      <subfield code="a">The Brownings' correspondence /</subfield>
      <subfield code="c">edited by Philip Kelley &amp; Ronald Hudson.</subfield>
    </datafield>
    <datafield tag="260" ind1=" " ind2=" ">
      <subfield code="a">Winfield, KS :</subfield>
      <subfield code="b">Wedgestone Press,</subfield>
      <subfield code="c">c1984-</subfield>
    </datafield>
    <datafield tag="300" ind1=" " ind2=" ">
      <subfield code="a">v. :</subfield>
      <subfield code="b">ill. (some col.) ;</subfield>
      <subfield code="c">24 cm.</subfield>
    </datafield>
    <datafield tag="500" ind1=" " ind2=" ">
      <subfield code="a">Correspondence written by and to Robert and Elizabeth Barrett Browning.</subfield>
    </datafield>
    <datafield tag="500" ind1=" " ind2=" ">
      <subfield code="a">Vols. 9, 11 edited by Philip Kelley &amp; Scott Lewis.</subfield>
    </datafield>
    <datafield tag="504" ind1=" " ind2=" ">
      <subfield code="a">Includes bibliographical references and indexes.</subfield>
    </datafield>
    <datafield tag="505" ind1="1" ind2=" ">
      <subfield code="a">v. 1. September 1809-December 1826, letters 1-244 -- v. 2. January 1827-December 1831, letters 245-434 -- v. 11. July 1845-January 1846, letters 1982-2177 -- v. 12. January 1846-May 1846, letters 2178-2383 -- v. 13. May 1846-September 1846, letters 2384-2615.</subfield>
    </datafield>
    <datafield tag="596" ind1=" " ind2=" ">
      <subfield code="a">2 3</subfield>
    </datafield>
    <datafield tag="600" ind1="1" ind2="0">
      <subfield code="a">Browning, Robert,</subfield>
      <subfield code="d">1812-1889</subfield>
      <subfield code="v">Correspondence.</subfield>
    </datafield>
    <datafield tag="600" ind1="1" ind2="0">
      <subfield code="a">Browning, Elizabeth Barrett,</subfield>
      <subfield code="d">1806-1861</subfield>
      <subfield code="v">Correspondence.</subfield>
    </datafield>
    <datafield tag="650" ind1=" " ind2="0">
      <subfield code="a">Poets, English</subfield>
      <subfield code="y">19th century</subfield>
      <subfield code="v">Biography.</subfield>
    </datafield>
    <datafield tag="700" ind1="1" ind2=" ">
      <subfield code="a">Browning, Elizabeth Barrett,</subfield>
      <subfield code="d">1806-1861.</subfield>
    </datafield>
    <datafield tag="700" ind1="1" ind2=" ">
      <subfield code="a">Kelley, Philip.</subfield>
    </datafield>
    <datafield tag="700" ind1="1" ind2=" ">
      <subfield code="a">Hudson, Ronald.</subfield>
    </datafield>
    <datafield tag="700" ind1="1" ind2=" ">
      <subfield code="a">Lewis, Scott,</subfield>
      <subfield code="d">1957-</subfield>
    </datafield>
    <datafield tag="999" ind1=" " ind2=" ">
      <subfield code="a">PR4231 .A43 1984 v.1</subfield>
      <subfield code="w">MONO-SER</subfield>
      <subfield code="c">1</subfield>
      <subfield code="i">X000786425</subfield>
      <subfield code="d">4/25/2006</subfield>
      <subfield code="e">4/13/2006</subfield>
      <subfield code="l">ALD-STKS</subfield>
      <subfield code="m">ALDERMAN</subfield>
      <subfield code="n">4</subfield>
      <subfield code="q">1</subfield>
      <subfield code="r">Y</subfield>
      <subfield code="s">Y</subfield>
      <subfield code="t">BOOK</subfield>
      <subfield code="u">6/28/1996</subfield>
      <subfield code="x">H-NOTIS</subfield>
    </datafield>
    <datafield tag="999" ind1=" " ind2=" ">
      <subfield code="a">PR4231 .A43 1984 v.2</subfield>
      <subfield code="w">MONO-SER</subfield>
      <subfield code="c">1</subfield>
      <subfield code="i">X000786426</subfield>
      <subfield code="d">4/25/2006</subfield>
      <subfield code="e">4/13/2006</subfield>
      <subfield code="l">ALD-STKS</subfield>
      <subfield code="m">ALDERMAN</subfield>
      <subfield code="n">3</subfield>
      <subfield code="q">1</subfield>
      <subfield code="r">Y</subfield>
      <subfield code="s">Y</subfield>
      <subfield code="t">BOOK</subfield>
      <subfield code="u">6/28/1996</subfield>
      <subfield code="x">H-NOTIS</subfield>
    </datafield>
    <datafield tag="999" ind1=" " ind2=" ">
      <subfield code="a">PR 4231 .A43 1984 v.11</subfield>
      <subfield code="w">MONO-SER</subfield>
      <subfield code="c">1</subfield>
      <subfield code="i">X002443781</subfield>
      <subfield code="d">6/4/2002</subfield>
      <subfield code="l">ALD-STKS</subfield>
      <subfield code="m">ALDERMAN</subfield>
      <subfield code="q">2</subfield>
      <subfield code="r">Y</subfield>
      <subfield code="s">Y</subfield>
      <subfield code="t">BOOK</subfield>
      <subfield code="u">6/28/1996</subfield>
      <subfield code="x">H-NOTIS</subfield>
    </datafield>
    <datafield tag="999" ind1=" " ind2=" ">
      <subfield code="a">PR4231 .A43 1984 v.3</subfield>
      <subfield code="w">MONO-SER</subfield>
      <subfield code="c">1</subfield>
      <subfield code="i">X002451975</subfield>
      <subfield code="d">5/29/2002</subfield>
      <subfield code="e">5/24/2002</subfield>
      <subfield code="l">ALD-STKS</subfield>
      <subfield code="m">ALDERMAN</subfield>
      <subfield code="n">3</subfield>
      <subfield code="r">Y</subfield>
      <subfield code="s">Y</subfield>
      <subfield code="t">BOOK</subfield>
      <subfield code="u">6/28/1996</subfield>
      <subfield code="x">H-NOTIS</subfield>
    </datafield>
    <datafield tag="999" ind1=" " ind2=" ">
      <subfield code="a">PR4231 .A43 1984 v.4</subfield>
      <subfield code="w">MONO-SER</subfield>
      <subfield code="c">1</subfield>
      <subfield code="i">X002452094</subfield>
      <subfield code="d">12/6/2008</subfield>
      <subfield code="e">10/13/2008</subfield>
      <subfield code="l">ALD-STKS</subfield>
      <subfield code="m">ALDERMAN</subfield>
      <subfield code="n">4</subfield>
      <subfield code="q">1</subfield>
      <subfield code="r">Y</subfield>
      <subfield code="s">Y</subfield>
      <subfield code="t">BOOK</subfield>
      <subfield code="u">6/28/1996</subfield>
      <subfield code="x">H-NOTIS</subfield>
    </datafield>
    <datafield tag="999" ind1=" " ind2=" ">
      <subfield code="a">PR4231 .A43 1984 v.5</subfield>
      <subfield code="w">MONO-SER</subfield>
      <subfield code="c">1</subfield>
      <subfield code="i">X002451977</subfield>
      <subfield code="d">5/29/2002</subfield>
      <subfield code="e">5/28/2002</subfield>
      <subfield code="l">ALD-STKS</subfield>
      <subfield code="m">ALDERMAN</subfield>
      <subfield code="n">4</subfield>
      <subfield code="r">Y</subfield>
      <subfield code="s">Y</subfield>
      <subfield code="t">BOOK</subfield>
      <subfield code="u">6/28/1996</subfield>
      <subfield code="x">H-NOTIS</subfield>
    </datafield>
    <datafield tag="999" ind1=" " ind2=" ">
      <subfield code="a">PR4231 .A43 1984 v.6</subfield>
      <subfield code="w">MONO-SER</subfield>
      <subfield code="c">1</subfield>
      <subfield code="i">X002452034</subfield>
      <subfield code="d">11/30/2005</subfield>
      <subfield code="e">11/16/2005</subfield>
      <subfield code="l">ALD-STKS</subfield>
      <subfield code="m">ALDERMAN</subfield>
      <subfield code="n">3</subfield>
      <subfield code="r">Y</subfield>
      <subfield code="s">Y</subfield>
      <subfield code="t">BOOK</subfield>
      <subfield code="u">6/28/1996</subfield>
      <subfield code="x">H-NOTIS</subfield>
    </datafield>
    <datafield tag="999" ind1=" " ind2=" ">
      <subfield code="a">PR4231 .A43 1984 v.7</subfield>
      <subfield code="w">MONO-SER</subfield>
      <subfield code="c">1</subfield>
      <subfield code="i">X002452026</subfield>
      <subfield code="d">12/13/2005</subfield>
      <subfield code="e">12/6/2005</subfield>
      <subfield code="l">ALD-STKS</subfield>
      <subfield code="m">ALDERMAN</subfield>
      <subfield code="n">2</subfield>
      <subfield code="r">Y</subfield>
      <subfield code="s">Y</subfield>
      <subfield code="t">BOOK</subfield>
      <subfield code="u">6/28/1996</subfield>
      <subfield code="x">H-NOTIS</subfield>
    </datafield>
    <datafield tag="999" ind1=" " ind2=" ">
      <subfield code="a">PR4231 .A43 1984 v.8</subfield>
      <subfield code="w">MONO-SER</subfield>
      <subfield code="c">1</subfield>
      <subfield code="i">X002452024</subfield>
      <subfield code="d">2/10/1997</subfield>
      <subfield code="l">ALD-STKS</subfield>
      <subfield code="m">ALDERMAN</subfield>
      <subfield code="r">Y</subfield>
      <subfield code="s">Y</subfield>
      <subfield code="t">BOOK</subfield>
      <subfield code="u">6/28/1996</subfield>
      <subfield code="x">H-NOTIS</subfield>
    </datafield>
    <datafield tag="999" ind1=" " ind2=" ">
      <subfield code="a">PR4231 .A43 1984 v.9</subfield>
      <subfield code="w">MONO-SER</subfield>
      <subfield code="c">1</subfield>
      <subfield code="i">X002452042</subfield>
      <subfield code="d">2/10/1997</subfield>
      <subfield code="l">ALD-STKS</subfield>
      <subfield code="m">ALDERMAN</subfield>
      <subfield code="r">Y</subfield>
      <subfield code="s">Y</subfield>
      <subfield code="t">BOOK</subfield>
      <subfield code="u">6/28/1996</subfield>
      <subfield code="x">H-NOTIS</subfield>
    </datafield>
    <datafield tag="999" ind1=" " ind2=" ">
      <subfield code="a">PR4231 .A43 1984 v.10</subfield>
      <subfield code="w">MONO-SER</subfield>
      <subfield code="c">1</subfield>
      <subfield code="i">X002452009</subfield>
      <subfield code="d">4/15/2004</subfield>
      <subfield code="e">4/15/2004</subfield>
      <subfield code="l">ALD-STKS</subfield>
      <subfield code="m">ALDERMAN</subfield>
      <subfield code="n">2</subfield>
      <subfield code="r">Y</subfield>
      <subfield code="s">Y</subfield>
      <subfield code="t">BOOK</subfield>
      <subfield code="u">6/28/1996</subfield>
      <subfield code="x">H-NOTIS</subfield>
    </datafield>
    <datafield tag="999" ind1=" " ind2=" ">
      <subfield code="a">PR4231 .A43 1984 v.12</subfield>
      <subfield code="w">MONO-SER</subfield>
      <subfield code="c">1</subfield>
      <subfield code="i">X002523300</subfield>
      <subfield code="d">6/4/2002</subfield>
      <subfield code="e">4/13/2000</subfield>
      <subfield code="l">ALD-STKS</subfield>
      <subfield code="m">ALDERMAN</subfield>
      <subfield code="n">1</subfield>
      <subfield code="q">1</subfield>
      <subfield code="r">Y</subfield>
      <subfield code="s">Y</subfield>
      <subfield code="t">BOOK</subfield>
      <subfield code="u">6/28/1996</subfield>
      <subfield code="x">H-NOTIS</subfield>
    </datafield>
    <datafield tag="999" ind1=" " ind2=" ">
      <subfield code="a">PR4231 .A43 1984 v.1</subfield>
      <subfield code="w">MONO-SER</subfield>
      <subfield code="c">1</subfield>
      <subfield code="i">X000907389</subfield>
      <subfield code="d">8/20/2001</subfield>
      <subfield code="e">8/24/1996</subfield>
      <subfield code="k">LOSTCLOSED</subfield>
      <subfield code="l">CLEM-STKS</subfield>
      <subfield code="m">CLEMONS</subfield>
      <subfield code="n">3</subfield>
      <subfield code="r">M</subfield>
      <subfield code="s">Y</subfield>
      <subfield code="t">BOOK</subfield>
      <subfield code="u">6/28/1996</subfield>
      <subfield code="x">H-NOTIS</subfield>
    </datafield>
    <datafield tag="999" ind1=" " ind2=" ">
      <subfield code="a">PR4231 .A43 1984 v.1</subfield>
      <subfield code="w">MONO-SER</subfield>
      <subfield code="c">2</subfield>
      <subfield code="i">X004415427</subfield>
      <subfield code="d">11/12/2002</subfield>
      <subfield code="l">WITHDRAWN</subfield>
      <subfield code="m">CLEMONS</subfield>
      <subfield code="q">1</subfield>
      <subfield code="r">Y</subfield>
      <subfield code="s">Y</subfield>
      <subfield code="t">BOOK</subfield>
      <subfield code="u">2/16/1998</subfield>
      <subfield code="x">ADD</subfield>
    </datafield>
    <datafield tag="999" ind1=" " ind2=" ">
      <subfield code="a">PR4231 .A43 1984 v.2</subfield>
      <subfield code="w">MONO-SER</subfield>
      <subfield code="c">1</subfield>
      <subfield code="i">X000907388</subfield>
      <subfield code="d">2/10/1997</subfield>
      <subfield code="l">WITHDRAWN</subfield>
      <subfield code="m">CLEMONS</subfield>
      <subfield code="n">1</subfield>
      <subfield code="r">Y</subfield>
      <subfield code="s">Y</subfield>
      <subfield code="t">BOOK</subfield>
      <subfield code="u">6/28/1996</subfield>
      <subfield code="x">H-NOTIS</subfield>
    </datafield>
    <datafield tag="999" ind1=" " ind2=" ">
      <subfield code="a">PR4231 .A43 1984 v.13</subfield>
      <subfield code="w">MONO-SER</subfield>
      <subfield code="c">1</subfield>
      <subfield code="i">X004045629</subfield>
      <subfield code="d">4/15/2004</subfield>
      <subfield code="e">4/15/2004</subfield>
      <subfield code="l">ALD-STKS</subfield>
      <subfield code="m">ALDERMAN</subfield>
      <subfield code="n">2</subfield>
      <subfield code="q">1</subfield>
      <subfield code="r">Y</subfield>
      <subfield code="s">Y</subfield>
      <subfield code="t">BOOK</subfield>
      <subfield code="u">11/18/1996</subfield>
    </datafield>
  </record>