
  <record>
    <leader>01686pam a2200397 a 4500</leader>
    <controlfield tag="001">u89</controlfield>
    <controlfield tag="003">SIRSI</controlfield>
    <controlfield tag="008">840321s1984    dcua     b    00000 eng  </controlfield>
    <datafield tag="010" ind1=" " ind2=" ">
      <subfield code="a">   84005276</subfield>
    </datafield>
    <datafield tag="020" ind1=" " ind2=" ">
      <subfield code="a">0877663637</subfield>
    </datafield>
    <datafield tag="020" ind1=" " ind2=" ">
      <subfield code="a">0877663343 (pbk.)</subfield>
    </datafield>
    <datafield tag="035" ind1=" " ind2=" ">
      <subfield code="a">(Sirsi) l84005276</subfield>
    </datafield>
    <datafield tag="035" ind1=" " ind2=" ">
      <subfield code="a">DL(OCoLC)10696454</subfield>
    </datafield>
    <datafield tag="039" ind1="0" ind2=" ">
      <subfield code="a">2</subfield>
      <subfield code="b">3</subfield>
      <subfield code="c">3</subfield>
      <subfield code="d">3</subfield>
      <subfield code="e">3</subfield>
    </datafield>
    <datafield tag="040" ind1=" " ind2=" ">
      <subfield code="a">DLC</subfield>
      <subfield code="c">DLC</subfield>
      <subfield code="d">VA@</subfield>
    </datafield>
    <datafield tag="043" ind1=" " ind2=" ">
      <subfield code="a">n-us---</subfield>
    </datafield>
    <datafield tag="049" ind1=" " ind2=" ">
      <subfield code="a">VA@&amp;</subfield>
    </datafield>
    <datafield tag="050" ind1="0" ind2=" ">
      <subfield code="a">HC110.E5</subfield>
      <subfield code="b">N4 1984</subfield>
    </datafield>
    <datafield tag="082" ind1="0" ind2=" ">
      <subfield code="a">363.7/056/0973</subfield>
      <subfield code="2">19</subfield>
    </datafield>
    <datafield tag="090" ind1=" " ind2=" ">
      <subfield code="a">HC110.E5</subfield>
      <subfield code="b">N4 1984</subfield>
      <subfield code="m">VA@&amp;</subfield>
      <subfield code="q">GRAD BUS.</subfield>
    </datafield>
    <datafield tag="245" ind1="0" ind2="0">
      <subfield code="a">Natural resources and the environment :</subfield>
      <subfield code="b">the Reagan approach /</subfield>
      <subfield code="c">edited by Paul R. Portney.</subfield>
    </datafield>
    <datafield tag="260" ind1=" " ind2=" ">
      <subfield code="a">Washington, D.C. :</subfield>
      <subfield code="b">Urban Institute Press,</subfield>
      <subfield code="c">c1984.</subfield>
    </datafield>
    <datafield tag="300" ind1=" " ind2=" ">
      <subfield code="a">xii, 144 p. :</subfield>
      <subfield code="b">ill. ;</subfield>
      <subfield code="c">24 cm.</subfield>
    </datafield>
    <datafield tag="490" ind1="1" ind2=" ">
      <subfield code="a">The Changing domestic priorities series</subfield>
    </datafield>
    <datafield tag="500" ind1=" " ind2=" ">
      <subfield code="a">"A conference sponsored by the Changing Domestic Priorities Project of the Urban Institute"--Cover.</subfield>
    </datafield>
    <datafield tag="504" ind1=" " ind2=" ">
      <subfield code="a">Includes bibliographical references.</subfield>
    </datafield>
    <datafield tag="505" ind1="0" ind2=" ">
      <subfield code="a">Introduction / Paul R. Portney -- Natural resource policy / John D. Leshy -- Environmental policy / Robert W. Crandall and Paul R. Portney -- Energy policy / William W. Hogan -- Agricultural policy / Bruce Gardner.</subfield>
    </datafield>
    <datafield tag="596" ind1=" " ind2=" ">
      <subfield code="a">13</subfield>
    </datafield>
    <datafield tag="650" ind1=" " ind2="0">
      <subfield code="a">Environmental policy</subfield>
      <subfield code="z">United States.</subfield>
    </datafield>
    <datafield tag="650" ind1=" " ind2="0">
      <subfield code="a">Conservation of natural resources</subfield>
      <subfield code="z">United States.</subfield>
    </datafield>
    <datafield tag="650" ind1=" " ind2="0">
      <subfield code="a">Energy policy</subfield>
      <subfield code="z">United States.</subfield>
    </datafield>
    <datafield tag="650" ind1=" " ind2="0">
      <subfield code="a">Agriculture and state</subfield>
      <subfield code="z">United States.</subfield>
    </datafield>
    <datafield tag="700" ind1="1" ind2=" ">
      <subfield code="a">Portney, Paul R.</subfield>
    </datafield>
    <datafield tag="710" ind1="2" ind2=" ">
      <subfield code="a">Changing Domestic Priorities Project (Urban Institute)</subfield>
    </datafield>
    <datafield tag="830" ind1=" " ind2="0">
      <subfield code="a">Changing domestic priorities series.</subfield>
    </datafield>
    <datafield tag="999" ind1=" " ind2=" ">
      <subfield code="a">HC110 .E5 N4 1984</subfield>
      <subfield code="w">LC</subfield>
      <subfield code="c">1</subfield>
      <subfield code="i">X000881624</subfield>
      <subfield code="d">6/5/1991</subfield>
      <subfield code="l">DARD-STKS</subfield>
      <subfield code="m">DARDEN</subfield>
      <subfield code="n">1</subfield>
      <subfield code="q">2</subfield>
      <subfield code="r">Y</subfield>
      <subfield code="s">Y</subfield>
      <subfield code="t">BOOK</subfield>
      <subfield code="u">6/28/1996</subfield>
      <subfield code="x">H-NOTIS</subfield>
    </datafield>
  </record>