
  <record>
    <leader>01114nam a2200289 a 4500</leader>
    <controlfield tag="001">u233</controlfield>
    <controlfield tag="003">SIRSI</controlfield>
    <controlfield tag="008">840507s1982    fr abc        00000 fre d</controlfield>
    <datafield tag="020" ind1=" " ind2=" ">
      <subfield code="a">2865770311</subfield>
    </datafield>
    <datafield tag="035" ind1=" " ind2=" ">
      <subfield code="a">(Sirsi) o10697476</subfield>
    </datafield>
    <datafield tag="035" ind1=" " ind2=" ">
      <subfield code="a">(OCoLC)10697476</subfield>
    </datafield>
    <datafield tag="035" ind1=" " ind2=" ">
      <subfield code="b">YX787336=F</subfield>
    </datafield>
    <datafield tag="040" ind1=" " ind2=" ">
      <subfield code="a">PIT</subfield>
      <subfield code="c">PIT</subfield>
      <subfield code="d">VA@</subfield>
    </datafield>
    <datafield tag="041" ind1="0" ind2=" ">
      <subfield code="a">fre</subfield>
      <subfield code="a">eng</subfield>
      <subfield code="a">ger</subfield>
      <subfield code="a">spa</subfield>
    </datafield>
    <datafield tag="049" ind1=" " ind2=" ">
      <subfield code="a">VA@F</subfield>
    </datafield>
    <datafield tag="090" ind1=" " ind2=" ">
      <subfield code="a">GN772.22.F7</subfield>
      <subfield code="b">L37 1982</subfield>
      <subfield code="m">VA@F</subfield>
      <subfield code="q">FINE ARTS</subfield>
    </datafield>
    <datafield tag="245" ind1="0" ind2="0">
      <subfield code="a">Lascaux en Périgord noir :</subfield>
      <subfield code="b">environnement, art pariétal et conservation /</subfield>
      <subfield code="c">J. Vouvé, J. Brunet, P. Vidal, J. Marsal ; préface de Pierre P. Grassé.</subfield>
    </datafield>
    <datafield tag="260" ind1=" " ind2=" ">
      <subfield code="a">Périgueux :</subfield>
      <subfield code="b">P. Fanlac,</subfield>
      <subfield code="c">1982.</subfield>
    </datafield>
    <datafield tag="300" ind1=" " ind2=" ">
      <subfield code="a"> 87 p. :</subfield>
      <subfield code="b">ill. (some col.), maps, ports. ;</subfield>
      <subfield code="c">22 x 27 cm.</subfield>
    </datafield>
    <datafield tag="500" ind1=" " ind2=" ">
      <subfield code="a">French, English, German and Spanish.</subfield>
    </datafield>
    <datafield tag="596" ind1=" " ind2=" ">
      <subfield code="a">4</subfield>
    </datafield>
    <datafield tag="650" ind1=" " ind2="0">
      <subfield code="a">Cave paintings</subfield>
      <subfield code="z">France</subfield>
      <subfield code="z">Périgord.</subfield>
    </datafield>
    <datafield tag="650" ind1=" " ind2="0">
      <subfield code="a">Paleolithic period</subfield>
      <subfield code="z">France</subfield>
      <subfield code="z">Périgord.</subfield>
    </datafield>
    <datafield tag="650" ind1=" " ind2="0">
      <subfield code="a">Art, Prehistoric</subfield>
      <subfield code="z">France</subfield>
      <subfield code="z">Périgord.</subfield>
    </datafield>
    <datafield tag="651" ind1=" " ind2="0">
      <subfield code="a">Périgord (France)</subfield>
      <subfield code="x">Antiquities.</subfield>
    </datafield>
    <datafield tag="700" ind1="1" ind2=" ">
      <subfield code="a">Vouvé, J.</subfield>
      <subfield code="q">(Jean)</subfield>
    </datafield>
    <datafield tag="999" ind1=" " ind2=" ">
      <subfield code="a">GN772.22 .F7 L37 1982</subfield>
      <subfield code="w">LC</subfield>
      <subfield code="c">1</subfield>
      <subfield code="i">X000787336</subfield>
      <subfield code="d">2/10/2009</subfield>
      <subfield code="e">2/10/2009</subfield>
      <subfield code="l">FA-STKS</subfield>
      <subfield code="m">FINE-ARTS</subfield>
      <subfield code="n">3</subfield>
      <subfield code="q">2</subfield>
      <subfield code="r">M</subfield>
      <subfield code="s">Y</subfield>
      <subfield code="t">BOOK</subfield>
      <subfield code="u">6/28/1996</subfield>
      <subfield code="x">H-NOTIS</subfield>
    </datafield>
  </record>