
  <record>
    <leader>02432cam a22004453  4500</leader>
    <controlfield tag="001">u6383012</controlfield>
    <controlfield tag="003">SIRSI</controlfield>
    <controlfield tag="005">20140826121501.0</controlfield>
    <controlfield tag="008">121202s2012    xx            000 0 eng d</controlfield>
    <datafield tag="020" ind1=" " ind2=" ">
      <subfield code="a">9780314287083</subfield>
    </datafield>
    <datafield tag="020" ind1=" " ind2=" ">
      <subfield code="a">0314287086</subfield>
    </datafield>
    <datafield tag="035" ind1=" " ind2=" ">
      <subfield code="a">(OCoLC)820119404</subfield>
    </datafield>
    <datafield tag="040" ind1=" " ind2=" ">
      <subfield code="a">BTCTA</subfield>
      <subfield code="b">eng</subfield>
      <subfield code="c">BTCTA</subfield>
      <subfield code="d">YDXCP</subfield>
      <subfield code="d">TXQ</subfield>
      <subfield code="d">OCLCO</subfield>
      <subfield code="d">OCLCF</subfield>
    </datafield>
    <datafield tag="050" ind1=" " ind2="4">
      <subfield code="a">KF8205</subfield>
      <subfield code="b">.N385 2012</subfield>
    </datafield>
    <datafield tag="245" ind1="0" ind2="0">
      <subfield code="a">Navigating tribal law :</subfield>
      <subfield code="b">leading lawyers on understanding the unique procedures, intricacies, and challenges involved with tribal cases.</subfield>
    </datafield>
    <datafield tag="264" ind1=" " ind2="1">
      <subfield code="a">[United States] :</subfield>
      <subfield code="b">Aspatore,,</subfield>
      <subfield code="c">[2012]</subfield>
    </datafield>
    <datafield tag="300" ind1=" " ind2=" ">
      <subfield code="a">141 pages ;</subfield>
      <subfield code="c">22 cm.</subfield>
    </datafield>
    <datafield tag="336" ind1=" " ind2=" ">
      <subfield code="a">text</subfield>
      <subfield code="b">txt</subfield>
      <subfield code="2">rdacontent</subfield>
    </datafield>
    <datafield tag="337" ind1=" " ind2=" ">
      <subfield code="a">unmediated</subfield>
      <subfield code="b">n</subfield>
      <subfield code="2">rdamedia</subfield>
    </datafield>
    <datafield tag="338" ind1=" " ind2=" ">
      <subfield code="a">volume</subfield>
      <subfield code="b">nc</subfield>
      <subfield code="2">rdacarrier</subfield>
    </datafield>
    <datafield tag="490" ind1="1" ind2=" ">
      <subfield code="a">Inside the minds</subfield>
    </datafield>
    <datafield tag="504" ind1=" " ind2=" ">
      <subfield code="a">Includes bibliographical references.</subfield>
    </datafield>
    <datafield tag="505" ind1="0" ind2=" ">
      <subfield code="a">Reflections on tribal sovereignty and sovereign immunity / Frank R. Lawrence -- Litigating disputes in Indian Country / Jay P. Walters -- Understanding and respecting the process of trying cases in tribal courts: what attorneys need to know / Rob Roy Smith -- Advising lenders of the intricacies and potential hazards involved in participating in commercial transactions with Indian tribes / Richard J. Schroeder -- The importance of respecting tribal courts as serious venues and understanding their unique procedures / Rory Dilweg -- Locating the appropriate resources to successfully navigate the unique procedural issues in tribal law / John F. Lomax Jr.</subfield>
    </datafield>
    <datafield tag="650" ind1=" " ind2="0">
      <subfield code="a">Indians of North America</subfield>
      <subfield code="x">Legal status, laws, etc.</subfield>
    </datafield>
    <datafield tag="650" ind1=" " ind2="0">
      <subfield code="a">Tribal government</subfield>
      <subfield code="z">United States.</subfield>
    </datafield>
    <datafield tag="650" ind1=" " ind2="0">
      <subfield code="a">Indian courts</subfield>
      <subfield code="z">United States.</subfield>
    </datafield>
    <datafield tag="650" ind1=" " ind2="0">
      <subfield code="a">Sovereignty.</subfield>
    </datafield>
    <datafield tag="650" ind1=" " ind2="0">
      <subfield code="a">Indians of North America</subfield>
      <subfield code="x">Government relations.</subfield>
    </datafield>
    <datafield tag="650" ind1=" " ind2="0">
      <subfield code="a">Indians of North America</subfield>
      <subfield code="x">Politics and government.</subfield>
    </datafield>
    <datafield tag="650" ind1=" " ind2="7">
      <subfield code="a">Indian courts.</subfield>
      <subfield code="2">fast</subfield>
      <subfield code="0">(OCoLC)fst00969093</subfield>
    </datafield>
    <datafield tag="650" ind1=" " ind2="7">
      <subfield code="a">Indians of North America</subfield>
      <subfield code="x">Government relations.</subfield>
      <subfield code="2">fast</subfield>
      <subfield code="0">(OCoLC)fst00969761</subfield>
    </datafield>
    <datafield tag="650" ind1=" " ind2="7">
      <subfield code="a">Indians of North America</subfield>
      <subfield code="x">Legal status, laws, etc.</subfield>
      <subfield code="2">fast</subfield>
      <subfield code="0">(OCoLC)fst00969825</subfield>
    </datafield>
    <datafield tag="650" ind1=" " ind2="7">
      <subfield code="a">Indians of North America</subfield>
      <subfield code="x">Politics and government.</subfield>
      <subfield code="2">fast</subfield>
      <subfield code="0">(OCoLC)fst00969875</subfield>
    </datafield>
    <datafield tag="650" ind1=" " ind2="7">
      <subfield code="a">Sovereignty.</subfield>
      <subfield code="2">fast</subfield>
      <subfield code="0">(OCoLC)fst01127379</subfield>
    </datafield>
    <datafield tag="650" ind1=" " ind2="7">
      <subfield code="a">Tribal government.</subfield>
      <subfield code="2">fast</subfield>
      <subfield code="0">(OCoLC)fst01156472</subfield>
    </datafield>
    <datafield tag="651" ind1=" " ind2="7">
      <subfield code="a">United States.</subfield>
      <subfield code="2">fast</subfield>
      <subfield code="0">(OCoLC)fst01204155</subfield>
    </datafield>
    <datafield tag="830" ind1=" " ind2="0">
      <subfield code="a">Inside the minds.</subfield>
    </datafield>
    <datafield tag="994" ind1=" " ind2=" ">
      <subfield code="a">Z0</subfield>
      <subfield code="b">VAL</subfield>
    </datafield>
    <datafield tag="596" ind1=" " ind2=" ">
      <subfield code="a">17</subfield>
    </datafield>
    <datafield tag="999" ind1=" " ind2=" ">
      <subfield code="a">KF8205 .N385 2012</subfield>
      <subfield code="w">LC</subfield>
      <subfield code="i">35007008291837</subfield>
      <subfield code="l">STACKS</subfield>
      <subfield code="m">LAW</subfield>
      <subfield code="t">BOOK</subfield>
    </datafield>
  </record>