
  <record>
    <leader>02181cam a2200589 a 4500</leader>
    <controlfield tag="001">u6386740</controlfield>
    <controlfield tag="003">SIRSI</controlfield>
    <controlfield tag="005">20140910095335.0</controlfield>
    <controlfield tag="008">950427s1994    sp a     cd   001 0 spa  </controlfield>
    <datafield tag="010" ind1=" " ind2=" ">
      <subfield code="a">   95146641</subfield>
    </datafield>
    <datafield tag="020" ind1=" " ind2=" ">
      <subfield code="a">8423992039</subfield>
    </datafield>
    <datafield tag="020" ind1=" " ind2=" ">
      <subfield code="a">9788423992034</subfield>
    </datafield>
    <datafield tag="035" ind1=" " ind2=" ">
      <subfield code="a">(OCoLC)31961884</subfield>
    </datafield>
    <datafield tag="043" ind1=" " ind2=" ">
      <subfield code="a">e-sp---</subfield>
    </datafield>
    <datafield tag="049" ind1=" " ind2=" ">
      <subfield code="a">VA@@</subfield>
    </datafield>
    <datafield tag="040" ind1=" " ind2=" ">
      <subfield code="a">DLC</subfield>
      <subfield code="b">eng</subfield>
      <subfield code="c">DLC</subfield>
      <subfield code="d">FQG</subfield>
      <subfield code="d">PL#</subfield>
      <subfield code="d">I5B</subfield>
      <subfield code="d">OCL</subfield>
      <subfield code="d">NLGGC</subfield>
      <subfield code="d">YDXCP</subfield>
      <subfield code="d">HEBIS</subfield>
      <subfield code="d">ZWZ</subfield>
      <subfield code="d">GBVCP</subfield>
      <subfield code="d">OCLCO</subfield>
      <subfield code="d">OCLCF</subfield>
    </datafield>
    <datafield tag="050" ind1="0" ind2="0">
      <subfield code="a">PN1993.5.S7</subfield>
      <subfield code="b">T69 1994</subfield>
    </datafield>
    <datafield tag="082" ind1="0" ind2="0">
      <subfield code="a">791.43/0946/03</subfield>
      <subfield code="2">21</subfield>
    </datafield>
    <datafield tag="084" ind1=" " ind2=" ">
      <subfield code="a">24.32</subfield>
      <subfield code="2">bcl</subfield>
    </datafield>
    <datafield tag="084" ind1=" " ind2=" ">
      <subfield code="a">7,34</subfield>
      <subfield code="2">ssgn</subfield>
    </datafield>
    <datafield tag="100" ind1="1" ind2=" ">
      <subfield code="a">Torres, Augusto M.</subfield>
    </datafield>
    <datafield tag="245" ind1="1" ind2="0">
      <subfield code="a">Diccionario del cine español /</subfield>
      <subfield code="c">Augusto M. Torres.</subfield>
    </datafield>
    <datafield tag="264" ind1=" " ind2="1">
      <subfield code="a">Madrid :</subfield>
      <subfield code="b">Espasa Calpe,</subfield>
      <subfield code="c">1994.</subfield>
    </datafield>
    <datafield tag="300" ind1=" " ind2=" ">
      <subfield code="a">548 pages :</subfield>
      <subfield code="b">illustrations ;</subfield>
      <subfield code="c">18 cm.</subfield>
    </datafield>
    <datafield tag="336" ind1=" " ind2=" ">
      <subfield code="a">text</subfield>
      <subfield code="b">txt</subfield>
      <subfield code="2">rdacontent</subfield>
    </datafield>
    <datafield tag="337" ind1=" " ind2=" ">
      <subfield code="a">unmediated</subfield>
      <subfield code="b">n</subfield>
      <subfield code="2">rdamedia</subfield>
    </datafield>
    <datafield tag="338" ind1=" " ind2=" ">
      <subfield code="a">volume</subfield>
      <subfield code="b">nc</subfield>
      <subfield code="2">rdacarrier</subfield>
    </datafield>
    <datafield tag="490" ind1="1" ind2=" ">
      <subfield code="a">Espasa de bolsillo</subfield>
    </datafield>
    <datafield tag="500" ind1=" " ind2=" ">
      <subfield code="a">Includes indexes.</subfield>
    </datafield>
    <datafield tag="530" ind1=" " ind2=" ">
      <subfield code="a">Also issued online.</subfield>
    </datafield>
    <datafield tag="650" ind1=" " ind2="0">
      <subfield code="a">Motion pictures</subfield>
      <subfield code="z">Spain</subfield>
      <subfield code="v">Catalogs.</subfield>
    </datafield>
    <datafield tag="650" ind1=" " ind2="0">
      <subfield code="a">Motion picture actors and actresses</subfield>
      <subfield code="z">Spain</subfield>
      <subfield code="v">Biography</subfield>
      <subfield code="v">Dictionaries.</subfield>
    </datafield>
    <datafield tag="650" ind1=" " ind2="0">
      <subfield code="a">Motion pictures</subfield>
      <subfield code="z">Spain</subfield>
      <subfield code="v">Biography</subfield>
      <subfield code="v">Dictionaries.</subfield>
    </datafield>
    <datafield tag="650" ind1="1" ind2="7">
      <subfield code="a">Filmkunst.</subfield>
      <subfield code="2">gtt</subfield>
    </datafield>
    <datafield tag="650" ind1="0" ind2="7">
      <subfield code="a">Film.</subfield>
      <subfield code="2">swd</subfield>
    </datafield>
    <datafield tag="651" ind1=" " ind2="7">
      <subfield code="a">Spanien.</subfield>
      <subfield code="2">swd</subfield>
    </datafield>
    <datafield tag="650" ind1=" " ind2="7">
      <subfield code="a">Cinéma</subfield>
      <subfield code="z">Espagne</subfield>
      <subfield code="x">Histoire et critique.</subfield>
      <subfield code="2">ram</subfield>
    </datafield>
    <datafield tag="650" ind1=" " ind2="7">
      <subfield code="a">Cinéma</subfield>
      <subfield code="z">Espagne</subfield>
      <subfield code="x">Dictionnaires.</subfield>
      <subfield code="2">ram</subfield>
    </datafield>
    <datafield tag="650" ind1=" " ind2="7">
      <subfield code="a">Motion picture actors and actresses.</subfield>
      <subfield code="2">fast</subfield>
      <subfield code="0">(OCoLC)fst01027096</subfield>
    </datafield>
    <datafield tag="650" ind1=" " ind2="7">
      <subfield code="a">Motion pictures.</subfield>
      <subfield code="2">fast</subfield>
      <subfield code="0">(OCoLC)fst01027285</subfield>
    </datafield>
    <datafield tag="651" ind1=" " ind2="7">
      <subfield code="a">Spain.</subfield>
      <subfield code="2">fast</subfield>
      <subfield code="0">(OCoLC)fst01204303</subfield>
    </datafield>
    <datafield tag="653" ind1=" " ind2=" ">
      <subfield code="a">Cinematografía</subfield>
      <subfield code="a">España</subfield>
      <subfield code="a">Diccionario.</subfield>
    </datafield>
    <datafield tag="655" ind1=" " ind2="7">
      <subfield code="a">Biography</subfield>
      <subfield code="v">Dictionaries.</subfield>
      <subfield code="2">fast</subfield>
      <subfield code="0">(OCoLC)fst01423824</subfield>
    </datafield>
    <datafield tag="655" ind1=" " ind2="7">
      <subfield code="a">Catalogs.</subfield>
      <subfield code="2">fast</subfield>
      <subfield code="0">(OCoLC)fst01423692</subfield>
    </datafield>
    <datafield tag="776" ind1="0" ind2="8">
      <subfield code="i">Online version:</subfield>
      <subfield code="a">Torres, Augusto M.</subfield>
      <subfield code="t">Diccionario del cine español.</subfield>
      <subfield code="d">Madrid : Espasa Calpe, 1994</subfield>
      <subfield code="w">(OCoLC)603849910</subfield>
    </datafield>
    <datafield tag="830" ind1=" " ind2="0">
      <subfield code="a">Espasa de bolsillo.</subfield>
    </datafield>
    <datafield tag="938" ind1=" " ind2=" ">
      <subfield code="a">Puvill Libros</subfield>
      <subfield code="b">PUVL</subfield>
      <subfield code="n">8423992039</subfield>
      <subfield code="c">$13.62</subfield>
    </datafield>
    <datafield tag="938" ind1=" " ind2=" ">
      <subfield code="a">Iberbook International S.L.</subfield>
      <subfield code="b">IBER</subfield>
      <subfield code="n">35813</subfield>
      <subfield code="c">P1901</subfield>
    </datafield>
    <datafield tag="938" ind1=" " ind2=" ">
      <subfield code="a">YBP Library Services</subfield>
      <subfield code="b">YANK</subfield>
      <subfield code="n">2248718</subfield>
    </datafield>
    <datafield tag="994" ind1=" " ind2=" ">
      <subfield code="a">C0</subfield>
      <subfield code="b">VA@</subfield>
    </datafield>
    <datafield tag="596" ind1=" " ind2=" ">
      <subfield code="a">3</subfield>
    </datafield>
    <datafield tag="999" ind1=" " ind2=" ">
      <subfield code="a">PN1993.5 .S7 T69 1994</subfield>
      <subfield code="w">LC</subfield>
      <subfield code="i">X031665605</subfield>
      <subfield code="l">STACKS</subfield>
      <subfield code="m">CLEMONS</subfield>
      <subfield code="t">BOOK</subfield>
    </datafield>
  </record>