
  <record>
    <leader>01310cam a2200325Ia 4500</leader>
    <controlfield tag="001">u5415667</controlfield>
    <controlfield tag="003">SIRSI</controlfield>
    <controlfield tag="005">20110921150205.0</controlfield>
    <controlfield tag="008">081017s2008    enkacf   b    001 0 eng d</controlfield>
    <datafield tag="020" ind1=" " ind2=" ">
      <subfield code="a">0950620785</subfield>
    </datafield>
    <datafield tag="020" ind1=" " ind2=" ">
      <subfield code="a">9780950620787</subfield>
    </datafield>
    <datafield tag="035" ind1=" " ind2=" ">
      <subfield code="a">(OCoLC)262719005</subfield>
    </datafield>
    <datafield tag="040" ind1=" " ind2=" ">
      <subfield code="a">YDXCP</subfield>
      <subfield code="c">YDXCP</subfield>
      <subfield code="d">VXG</subfield>
      <subfield code="d">NLGGC</subfield>
      <subfield code="d">PUL</subfield>
      <subfield code="d">YAM</subfield>
      <subfield code="d">ZWZ</subfield>
      <subfield code="d">UKM</subfield>
      <subfield code="d">GBVCP</subfield>
    </datafield>
    <datafield tag="050" ind1="1" ind2="4">
      <subfield code="a">Z7405.H6</subfield>
      <subfield code="b">B75 2008</subfield>
    </datafield>
    <datafield tag="082" ind1="0" ind2="4">
      <subfield code="a">016.508</subfield>
      <subfield code="2">22</subfield>
    </datafield>
    <datafield tag="084" ind1=" " ind2=" ">
      <subfield code="a">42.05</subfield>
      <subfield code="2">bcl</subfield>
    </datafield>
    <datafield tag="100" ind1="1" ind2=" ">
      <subfield code="a">Bridson, Gavin D. R.</subfield>
    </datafield>
    <datafield tag="245" ind1="1" ind2="4">
      <subfield code="a">The history of natural history :</subfield>
      <subfield code="b">an annotated bibliography : a guide to sources of information histories, bibliographies, biographies, library resources, etc.  /</subfield>
      <subfield code="c">Gavin Bridson.</subfield>
    </datafield>
    <datafield tag="250" ind1=" " ind2=" ">
      <subfield code="a">2nd ed.</subfield>
    </datafield>
    <datafield tag="260" ind1=" " ind2=" ">
      <subfield code="a">London :</subfield>
      <subfield code="b">Linnean Society of London,</subfield>
      <subfield code="c">2008.</subfield>
    </datafield>
    <datafield tag="300" ind1=" " ind2=" ">
      <subfield code="a">xxxii, 1032 p., [32] p. of plates :</subfield>
      <subfield code="b">ill. (some col.), port. ;</subfield>
      <subfield code="c">27 cm.</subfield>
    </datafield>
    <datafield tag="500" ind1=" " ind2=" ">
      <subfield code="a">Includes indexes.</subfield>
    </datafield>
    <datafield tag="504" ind1=" " ind2=" ">
      <subfield code="a">Includes bibliographical references and index.</subfield>
    </datafield>
    <datafield tag="650" ind1=" " ind2="0">
      <subfield code="a">Natural history</subfield>
      <subfield code="x">History</subfield>
      <subfield code="v">Bibliography.</subfield>
    </datafield>
    <datafield tag="650" ind1=" " ind2="0">
      <subfield code="a">Natural history</subfield>
      <subfield code="v">Bibliography.</subfield>
    </datafield>
    <datafield tag="650" ind1=" " ind2="7">
      <subfield code="a">Natuurlijke historie.</subfield>
      <subfield code="2">gtt</subfield>
    </datafield>
    <datafield tag="776" ind1="0" ind2="8">
      <subfield code="i">Online version:</subfield>
      <subfield code="a">Bridson, Gavin D. R.</subfield>
      <subfield code="t">History of natural history.</subfield>
      <subfield code="b">2nd ed.</subfield>
      <subfield code="d">London : Linnean Society of London, 2008</subfield>
      <subfield code="w">(OCoLC)682379064</subfield>
    </datafield>
    <datafield tag="994" ind1=" " ind2=" ">
      <subfield code="a">Z0</subfield>
      <subfield code="b">VA@</subfield>
    </datafield>
    <datafield tag="596" ind1=" " ind2=" ">
      <subfield code="a">2</subfield>
    </datafield>
    <datafield tag="999" ind1=" " ind2=" ">
      <subfield code="a">Z7405 .H6 B75 2008</subfield>
      <subfield code="w">LC</subfield>
      <subfield code="i">X031194670</subfield>
      <subfield code="l">STACKS</subfield>
      <subfield code="m">ALDERMAN</subfield>
      <subfield code="t">BOOK</subfield>
    </datafield>
  </record>