
  <record>
    <leader>01520cam a2200385 a 4500</leader>
    <controlfield tag="001">u4713849</controlfield>
    <controlfield tag="003">SIRSI</controlfield>
    <controlfield tag="005">20080425143520.0</controlfield>
    <controlfield tag="008">040325s2001    paua     t    100 0 eng d</controlfield>
    <datafield tag="010" ind1=" " ind2=" ">
      <subfield code="a">  2001131118</subfield>
    </datafield>
    <datafield tag="020" ind1=" " ind2=" ">
      <subfield code="a">0970834608</subfield>
    </datafield>
    <datafield tag="020" ind1=" " ind2=" ">
      <subfield code="a">9780970834607</subfield>
    </datafield>
    <datafield tag="035" ind1=" " ind2=" ">
      <subfield code="a">(OCoLC)47815935</subfield>
    </datafield>
    <datafield tag="040" ind1=" " ind2=" ">
      <subfield code="a">PTR</subfield>
      <subfield code="c">PTR</subfield>
      <subfield code="d">DLC</subfield>
      <subfield code="d">OCLCQ</subfield>
      <subfield code="d">BAKER</subfield>
      <subfield code="d">BTCTA</subfield>
      <subfield code="d">YDXCP</subfield>
    </datafield>
    <datafield tag="042" ind1=" " ind2=" ">
      <subfield code="a">lccopycat</subfield>
    </datafield>
    <datafield tag="043" ind1=" " ind2=" ">
      <subfield code="a">n-us---</subfield>
    </datafield>
    <datafield tag="050" ind1="0" ind2="0">
      <subfield code="a">N408</subfield>
      <subfield code="b">.C87 2001</subfield>
    </datafield>
    <datafield tag="082" ind1="0" ind2="0">
      <subfield code="a">708/.0068</subfield>
      <subfield code="2">22</subfield>
    </datafield>
    <datafield tag="245" ind1="0" ind2="0">
      <subfield code="a">Curating now :</subfield>
      <subfield code="b">imaginative practice, public responsibility /</subfield>
      <subfield code="c">Paula Marincola, Robert Storr, symposium co-organizers.</subfield>
    </datafield>
    <datafield tag="260" ind1=" " ind2=" ">
      <subfield code="a">Philadelphia, PA :</subfield>
      <subfield code="b">Philadelphia Exhibitions Initiative,</subfield>
      <subfield code="c">c2001.</subfield>
    </datafield>
    <datafield tag="300" ind1=" " ind2=" ">
      <subfield code="a">ix, 163 p. :</subfield>
      <subfield code="b">ill. ;</subfield>
      <subfield code="c">24 cm.</subfield>
    </datafield>
    <datafield tag="500" ind1=" " ind2=" ">
      <subfield code="a">Proceedings of a symposium held Oct. 14-15, 2000 at the Pennsylvania Academy of the Fine Arts and the Institute of Contemporary Art in Philadelphia, Pa.</subfield>
    </datafield>
    <datafield tag="536" ind1=" " ind2=" ">
      <subfield code="a">"Supported in part by the Pew Fellowships in the Arts' Artists and Scholars Program"--T.p. verso.</subfield>
    </datafield>
    <datafield tag="596" ind1=" " ind2=" ">
      <subfield code="a">4</subfield>
    </datafield>
    <datafield tag="650" ind1=" " ind2="0">
      <subfield code="a">Art museums</subfield>
      <subfield code="v">Congresses.</subfield>
    </datafield>
    <datafield tag="650" ind1=" " ind2="0">
      <subfield code="a">Art museums</subfield>
      <subfield code="z">United States</subfield>
      <subfield code="v">Congresses.</subfield>
    </datafield>
    <datafield tag="650" ind1=" " ind2="0">
      <subfield code="a">Museums</subfield>
      <subfield code="x">Curatorship</subfield>
      <subfield code="v">Congresses.</subfield>
    </datafield>
    <datafield tag="650" ind1=" " ind2="7">
      <subfield code="a">Curating.</subfield>
      <subfield code="2">aat</subfield>
    </datafield>
    <datafield tag="700" ind1="1" ind2=" ">
      <subfield code="a">Marincola, Paula.</subfield>
    </datafield>
    <datafield tag="700" ind1="1" ind2=" ">
      <subfield code="a">Storr, Robert.</subfield>
    </datafield>
    <datafield tag="994" ind1=" " ind2=" ">
      <subfield code="a">Z0</subfield>
      <subfield code="b">VA@</subfield>
    </datafield>
    <datafield tag="710" ind1="2" ind2=" ">
      <subfield code="a">Philadelphia Exhibitions Initiative.</subfield>
    </datafield>
    <datafield tag="710" ind1="2" ind2=" ">
      <subfield code="a">Pennsylvania Academy of the Fine Arts.</subfield>
    </datafield>
    <datafield tag="710" ind1="2" ind2=" ">
      <subfield code="a">University of Pennsylvania.</subfield>
      <subfield code="b">Institute of Contemporary Art.</subfield>
    </datafield>
    <datafield tag="999" ind1=" " ind2=" ">
      <subfield code="a">N408 .C87 2001</subfield>
      <subfield code="w">LC</subfield>
      <subfield code="i">X030361074</subfield>
      <subfield code="l">STACKS</subfield>
      <subfield code="m">FINE-ARTS</subfield>
      <subfield code="t">BOOK</subfield>
    </datafield>
  </record>