
  <record>
    <leader>01621njm a2200409 a 4500</leader>
    <controlfield tag="001">u399</controlfield>
    <controlfield tag="007">sd-bsmenn---- </controlfield>
    <controlfield tag="008">840509s1983    causgnn  efhi    1  eng  </controlfield>
    <controlfield tag="009">871009871009</controlfield>
    <datafield tag="010" ind1=" " ind2=" ">
      <subfield code="a">   82743344</subfield>
    </datafield>
    <datafield tag="028" ind1="0" ind2="2">
      <subfield code="a">S-1794</subfield>
      <subfield code="b">1750 Arch Records</subfield>
    </datafield>
    <datafield tag="033" ind1="2" ind2=" ">
      <subfield code="a">1979----</subfield>
      <subfield code="a">1980----</subfield>
    </datafield>
    <datafield tag="035" ind1=" " ind2=" ">
      <subfield code="a">(Sirsi) o10707885</subfield>
    </datafield>
    <datafield tag="035" ind1=" " ind2=" ">
      <subfield code="a">(OCoLC)10707885</subfield>
    </datafield>
    <datafield tag="040" ind1=" " ind2=" ">
      <subfield code="a">UUM</subfield>
      <subfield code="c">UUM</subfield>
      <subfield code="d">VA@</subfield>
    </datafield>
    <datafield tag="041" ind1="0" ind2=" ">
      <subfield code="d">eng</subfield>
      <subfield code="g">eng</subfield>
    </datafield>
    <datafield tag="045" ind1="2" ind2=" ">
      <subfield code="a">x7x7</subfield>
      <subfield code="b">d197609</subfield>
      <subfield code="b">d19770417</subfield>
    </datafield>
    <datafield tag="048" ind1=" " ind2=" ">
      <subfield code="b">vd01</subfield>
      <subfield code="a">ob</subfield>
    </datafield>
    <datafield tag="049" ind1=" " ind2=" ">
      <subfield code="a">VA@N</subfield>
    </datafield>
    <datafield tag="090" ind1=" " ind2=" ">
      <subfield code="a">7429</subfield>
      <subfield code="m">VA@N</subfield>
      <subfield code="q">SCORES</subfield>
    </datafield>
    <datafield tag="100" ind1="1" ind2=" ">
      <subfield code="a">Lopez, P. Dickson.</subfield>
    </datafield>
    <datafield tag="245" ind1="1" ind2="4">
      <subfield code="a">The ship of death</subfield>
      <subfield code="h">[sound recording] /</subfield>
      <subfield code="c">Peter Dickson Lopez.</subfield>
    </datafield>
    <datafield tag="260" ind1=" " ind2=" ">
      <subfield code="a">Berkeley, CA :</subfield>
      <subfield code="b">1750 Arch Records,</subfield>
      <subfield code="c">p1983.</subfield>
    </datafield>
    <datafield tag="300" ind1=" " ind2=" ">
      <subfield code="a">1 sound disc (43 min) :</subfield>
      <subfield code="b">33¹/₃ rpm, stereo. ;</subfield>
      <subfield code="c">12 in.</subfield>
    </datafield>
    <datafield tag="306" ind1=" " ind2=" ">
      <subfield code="a">004208</subfield>
    </datafield>
    <datafield tag="500" ind1=" " ind2=" ">
      <subfield code="a">Dramatic work for male voice and chamber orchestra, based on a poem of the same title by D.H. Lawrence.</subfield>
    </datafield>
    <datafield tag="500" ind1=" " ind2=" ">
      <subfield code="a">Program notes and text of the poem on container and inner liner.</subfield>
    </datafield>
    <datafield tag="511" ind1="0" ind2=" ">
      <subfield code="a">Arch Ensemble for Experimental Music ; Robert Hughes, conductor ; Tom Buckner, tenor.</subfield>
    </datafield>
    <datafield tag="518" ind1=" " ind2=" ">
      <subfield code="a">Recorded live during the 1979-80 concert season.</subfield>
    </datafield>
    <datafield tag="596" ind1=" " ind2=" ">
      <subfield code="a">14</subfield>
    </datafield>
    <datafield tag="600" ind1="1" ind2="0">
      <subfield code="a">Lawrence, D. H.</subfield>
      <subfield code="q">(David Herbert),</subfield>
      <subfield code="d">1885-1930</subfield>
      <subfield code="v">Musical settings.</subfield>
    </datafield>
    <datafield tag="650" ind1=" " ind2="0">
      <subfield code="a">Songs (Medium voice) with chamber orchestra.</subfield>
    </datafield>
    <datafield tag="700" ind1="1" ind2=" ">
      <subfield code="a">Lawrence, D. H.</subfield>
      <subfield code="q">(David Herbert),</subfield>
      <subfield code="d">1885-1930.</subfield>
    </datafield>
    <datafield tag="700" ind1="1" ind2=" ">
      <subfield code="a">Hughes, Robert,</subfield>
      <subfield code="d">1933-</subfield>
      <subfield code="e">performer.</subfield>
    </datafield>
    <datafield tag="700" ind1="1" ind2=" ">
      <subfield code="a">Buckner, Tom.</subfield>
      <subfield code="e">performer.</subfield>
    </datafield>
    <datafield tag="710" ind1="2" ind2=" ">
      <subfield code="a">Arch Ensemble.</subfield>
      <subfield code="e">performer.</subfield>
    </datafield>
    <datafield tag="999" ind1=" " ind2=" ">
      <subfield code="a">LP 7429</subfield>
      <subfield code="w">ALPHANUM</subfield>
      <subfield code="c">1</subfield>
      <subfield code="i">X001782246</subfield>
      <subfield code="d">1/25/2001</subfield>
      <subfield code="f">1/25/2001</subfield>
      <subfield code="g">1</subfield>
      <subfield code="l">BY-REQUEST</subfield>
      <subfield code="m">IVY</subfield>
      <subfield code="r">Y</subfield>
      <subfield code="s">Y</subfield>
      <subfield code="t">IVY-LP</subfield>
      <subfield code="u">6/28/1996</subfield>
      <subfield code="x">H-NOTIS</subfield>
    </datafield>
  </record>