
  <record>
    <leader>01310cgm a2200313 a 4500</leader>
    <controlfield tag="001">u18488</controlfield>
    <controlfield tag="003">SIRSI</controlfield>
    <controlfield tag="007">vdrbnahz</controlfield>
    <controlfield tag="008">831101s1983    miu119u          0vleng d</controlfield>
    <datafield tag="035" ind1=" " ind2=" ">
      <subfield code="a">(Sirsi) o10082346</subfield>
    </datafield>
    <datafield tag="035" ind1=" " ind2=" ">
      <subfield code="a">(OCoLC)10082346</subfield>
    </datafield>
    <datafield tag="035" ind1=" " ind2=" ">
      <subfield code="b">MX851327=U</subfield>
    </datafield>
    <datafield tag="040" ind1=" " ind2=" ">
      <subfield code="a">VHS</subfield>
      <subfield code="c">VHS</subfield>
      <subfield code="d">VA@</subfield>
    </datafield>
    <datafield tag="049" ind1=" " ind2=" ">
      <subfield code="a">VA@U</subfield>
    </datafield>
    <datafield tag="090" ind1=" " ind2=" ">
      <subfield code="a">PN1997</subfield>
      <subfield code="b">.T73</subfield>
      <subfield code="m">VA@U</subfield>
      <subfield code="q">CLEMONS</subfield>
    </datafield>
    <datafield tag="245" ind1="0" ind2="4">
      <subfield code="a">The Treasure of the Sierra Madre</subfield>
      <subfield code="h">[videorecording] /</subfield>
      <subfield code="c">screenplay by John Huston ; produced by Henry Blanke ; directed by John Huston.</subfield>
    </datafield>
    <datafield tag="260" ind1=" " ind2=" ">
      <subfield code="a">Farmington Hills, Mich. :</subfield>
      <subfield code="b">CBS/FOX Video,</subfield>
      <subfield code="c">c1983.</subfield>
    </datafield>
    <datafield tag="300" ind1=" " ind2=" ">
      <subfield code="a">1 videodisc (119 min.) :</subfield>
      <subfield code="b">sd., b&amp;w ;</subfield>
      <subfield code="c">12 in.</subfield>
    </datafield>
    <datafield tag="500" ind1=" " ind2=" ">
      <subfield code="a">Laserdisc format [NTSC]</subfield>
    </datafield>
    <datafield tag="500" ind1=" " ind2=" ">
      <subfield code="a">Videodisc release of the 1948 motion picture by Warner Bros. Pictures.</subfield>
    </datafield>
    <datafield tag="500" ind1=" " ind2=" ">
      <subfield code="a">Based on the novel by B. Traven.</subfield>
    </datafield>
    <datafield tag="508" ind1=" " ind2=" ">
      <subfield code="a">Music by Max Steiner.</subfield>
    </datafield>
    <datafield tag="511" ind1="1" ind2=" ">
      <subfield code="a">Humphrey Bogart, Walter Huston.</subfield>
    </datafield>
    <datafield tag="520" ind1=" " ind2=" ">
      <subfield code="a">Greed and suspicion surround three prospectors in their search for gold.</subfield>
    </datafield>
    <datafield tag="596" ind1=" " ind2=" ">
      <subfield code="a">20</subfield>
    </datafield>
    <datafield tag="700" ind1="1" ind2=" ">
      <subfield code="a">Huston, John,</subfield>
      <subfield code="d">1906-1987.</subfield>
    </datafield>
    <datafield tag="700" ind1="1" ind2=" ">
      <subfield code="a">Traven, B.</subfield>
      <subfield code="t">Schatz der Sierra Madre.</subfield>
      <subfield code="l">English.</subfield>
    </datafield>
    <datafield tag="856" ind1="4" ind2="2">
      <subfield code="z">Internet Movie Database Summary and Reviews:</subfield>
      <subfield code="u">http://us.imdb.com/title/tt0040897/</subfield>
    </datafield>
    <datafield tag="999" ind1=" " ind2=" ">
      <subfield code="a">VIDEO .LD0003</subfield>
      <subfield code="w">ALPHANUM</subfield>
      <subfield code="c">1</subfield>
      <subfield code="i">X000851327</subfield>
      <subfield code="d">4/6/2004</subfield>
      <subfield code="e">4/6/2004</subfield>
      <subfield code="l">VAULT</subfield>
      <subfield code="m">MEDIA-CTR</subfield>
      <subfield code="n">53</subfield>
      <subfield code="r">Y</subfield>
      <subfield code="s">Y</subfield>
      <subfield code="t">VIDEO-DISC</subfield>
      <subfield code="u">6/28/1996</subfield>
      <subfield code="x">H-NOTIS</subfield>
    </datafield>
  </record>