
  <record>
    <leader>01290ngm a2200337 a 4500</leader>
    <controlfield tag="001">u21819</controlfield>
    <controlfield tag="003">SIRSI</controlfield>
    <controlfield tag="007">vf-bnaho?</controlfield>
    <controlfield tag="008">831222q19801983dcu034ue     f   0vleng d</controlfield>
    <datafield tag="020" ind1=" " ind2=" ">
      <subfield code="c">For sale ($95.00)</subfield>
    </datafield>
    <datafield tag="035" ind1=" " ind2=" ">
      <subfield code="a">(Sirsi) o10247212</subfield>
    </datafield>
    <datafield tag="035" ind1=" " ind2=" ">
      <subfield code="a">(OCoLC)10247212</subfield>
    </datafield>
    <datafield tag="035" ind1=" " ind2=" ">
      <subfield code="b">XX851398=U</subfield>
    </datafield>
    <datafield tag="040" ind1=" " ind2=" ">
      <subfield code="a">GZR</subfield>
      <subfield code="c">GZR</subfield>
      <subfield code="d">VA@</subfield>
    </datafield>
    <datafield tag="043" ind1=" " ind2=" ">
      <subfield code="a">n-us-hi</subfield>
    </datafield>
    <datafield tag="045" ind1=" " ind2=" ">
      <subfield code="b">d1941</subfield>
    </datafield>
    <datafield tag="049" ind1=" " ind2=" ">
      <subfield code="a">VA@U</subfield>
    </datafield>
    <datafield tag="245" ind1="0" ind2="0">
      <subfield code="a">December 7th</subfield>
      <subfield code="h">[videorecording] /</subfield>
      <subfield code="c">[presented by the United States] War and Navy Departments.</subfield>
    </datafield>
    <datafield tag="260" ind1=" " ind2=" ">
      <subfield code="a">Washington, DC :</subfield>
      <subfield code="b">Distributed by National Audiovisual Center,</subfield>
      <subfield code="c">[198-?]</subfield>
    </datafield>
    <datafield tag="300" ind1=" " ind2=" ">
      <subfield code="a">1 videocassette (34 min.) :</subfield>
      <subfield code="b">sd., b&amp;w ;</subfield>
      <subfield code="c">1/2 in.</subfield>
    </datafield>
    <datafield tag="500" ind1=" " ind2=" ">
      <subfield code="a">VHS format [NTSC]</subfield>
    </datafield>
    <datafield tag="500" ind1=" " ind2=" ">
      <subfield code="a">Originally issued as motion picture in 1943.</subfield>
    </datafield>
    <datafield tag="508" ind1=" " ind2=" ">
      <subfield code="a">Director, John Ford ; photography, Gregg Toland ; editor, Robert Parrish.</subfield>
    </datafield>
    <datafield tag="520" ind1=" " ind2=" ">
      <subfield code="a">Reconstructs the events at Pearl Harbor on the day of the Japanese attack, December 7, 1941.</subfield>
    </datafield>
    <datafield tag="596" ind1=" " ind2=" ">
      <subfield code="a">20</subfield>
    </datafield>
    <datafield tag="650" ind1=" " ind2="0">
      <subfield code="a">Pearl Harbor (Hawaii), Attack on, 1941.</subfield>
    </datafield>
    <datafield tag="700" ind1="1" ind2=" ">
      <subfield code="a">Ford, John,</subfield>
      <subfield code="d">1894-1973.</subfield>
    </datafield>
    <datafield tag="710" ind1="1" ind2=" ">
      <subfield code="a">United States.</subfield>
      <subfield code="b">Navy Dept.</subfield>
    </datafield>
    <datafield tag="710" ind1="1" ind2=" ">
      <subfield code="a">United States.</subfield>
      <subfield code="b">War Dept.</subfield>
    </datafield>
    <datafield tag="740" ind1="0" ind2=" ">
      <subfield code="a">December seventh.</subfield>
    </datafield>
    <datafield tag="999" ind1=" " ind2=" ">
      <subfield code="a">VIDEO .VHS0379</subfield>
      <subfield code="w">ALPHANUM</subfield>
      <subfield code="c">1</subfield>
      <subfield code="i">X000851398</subfield>
      <subfield code="d">9/1/2008</subfield>
      <subfield code="e">9/1/2008</subfield>
      <subfield code="l">VAULT</subfield>
      <subfield code="m">MEDIA-CTR</subfield>
      <subfield code="n">24</subfield>
      <subfield code="q">1</subfield>
      <subfield code="r">Y</subfield>
      <subfield code="s">Y</subfield>
      <subfield code="t">VIDEO-CASS</subfield>
      <subfield code="u">6/28/1996</subfield>
      <subfield code="x">H-NOTIS</subfield>
    </datafield>
  </record>