
  <record>
    <leader>01008nam a2200253 a 4500</leader>
    <controlfield tag="001">u1</controlfield>
    <controlfield tag="003">SIRSI</controlfield>
    <controlfield tag="008">840507s1984    caua     b    00010 eng d</controlfield>
    <datafield tag="035" ind1=" " ind2=" ">
      <subfield code="a">(Sirsi) a1</subfield>
    </datafield>
    <datafield tag="035" ind1=" " ind2=" ">
      <subfield code="a">(OCoLC)10698981</subfield>
    </datafield>
    <datafield tag="035" ind1=" " ind2=" ">
      <subfield code="b">UX1019384=F</subfield>
    </datafield>
    <datafield tag="040" ind1=" " ind2=" ">
      <subfield code="a">IOG</subfield>
      <subfield code="c">IOG</subfield>
      <subfield code="d">VA@</subfield>
    </datafield>
    <datafield tag="049" ind1=" " ind2=" ">
      <subfield code="a">VA@F</subfield>
    </datafield>
    <datafield tag="090" ind1=" " ind2=" ">
      <subfield code="a">GV1619</subfield>
      <subfield code="b">.R6 1984</subfield>
      <subfield code="m">VA@F</subfield>
      <subfield code="q">FINE ARTS</subfield>
    </datafield>
    <datafield tag="100" ind1="1" ind2=" ">
      <subfield code="a">Roatcap, Adela Spindler.</subfield>
    </datafield>
    <datafield tag="245" ind1="1" ind2="4">
      <subfield code="a">The book of the dance in the 20th century selections from the Jane Bourne Parton collection of books on the dance /</subfield>
      <subfield code="c">Adela Spindler Roatcap.</subfield>
    </datafield>
    <datafield tag="260" ind1=" " ind2=" ">
      <subfield code="a">Oakland, Calif. :</subfield>
      <subfield code="b">Mills College Library,</subfield>
      <subfield code="c">1984.</subfield>
    </datafield>
    <datafield tag="300" ind1=" " ind2=" ">
      <subfield code="a">40 p. :</subfield>
      <subfield code="b">ill. (some col.), ports. ;</subfield>
      <subfield code="c">31 cm.</subfield>
    </datafield>
    <datafield tag="504" ind1=" " ind2=" ">
      <subfield code="a">"Bibliographies of dancing": p. 37 plus</subfield>
    </datafield>
    <datafield tag="596" ind1=" " ind2=" ">
      <subfield code="a">2 3</subfield>
    </datafield>
    <datafield tag="600" ind1="1" ind2="0">
      <subfield code="a">Parton, Jane Bourne,</subfield>
      <subfield code="d">d. 1962</subfield>
      <subfield code="x">Library.</subfield>
    </datafield>
    <datafield tag="650" ind1=" " ind2="0">
      <subfield code="a">Dance</subfield>
      <subfield code="x">History</subfield>
      <subfield code="y">20th century.</subfield>
    </datafield>
    <datafield tag="999" ind1=" " ind2=" ">
      <subfield code="a">GV1619 .R6 1984</subfield>
      <subfield code="w">LC</subfield>
      <subfield code="c">3</subfield>
      <subfield code="i">1-3003</subfield>
      <subfield code="l">AL-CIRCOFF</subfield>
      <subfield code="m">ALDERMAN</subfield>
      <subfield code="r">Y</subfield>
      <subfield code="s">Y</subfield>
      <subfield code="t">BOOK</subfield>
      <subfield code="u">11/12/1999</subfield>
    </datafield>
    <datafield tag="999" ind1=" " ind2=" ">
      <subfield code="a">GV1619 .R6 1984</subfield>
      <subfield code="w">LC</subfield>
      <subfield code="c">1</subfield>
      <subfield code="i">X001019384</subfield>
      <subfield code="d">7/30/1999</subfield>
      <subfield code="l">CLEM-STKS</subfield>
      <subfield code="m">CLEMONS</subfield>
      <subfield code="r">Y</subfield>
      <subfield code="s">Y</subfield>
      <subfield code="t">BOOK</subfield>
      <subfield code="u">6/28/1996</subfield>
      <subfield code="x">H-NOTIS</subfield>
    </datafield>
  </record>