
  <record>
    <leader>00970nas a2200301 a 4500</leader>
    <controlfield tag="001">u27</controlfield>
    <controlfield tag="003">SIRSI</controlfield>
    <controlfield tag="008">840507c19799999hu uu         0uuua0eng d</controlfield>
    <datafield tag="022" ind1=" " ind2=" ">
      <subfield code="a">0139-0600</subfield>
    </datafield>
    <datafield tag="035" ind1=" " ind2=" ">
      <subfield code="a">(Sirsi) o10699967</subfield>
    </datafield>
    <datafield tag="035" ind1=" " ind2=" ">
      <subfield code="a">(OCoLC)10699967</subfield>
    </datafield>
    <datafield tag="040" ind1=" " ind2=" ">
      <subfield code="a">IUL</subfield>
      <subfield code="c">IUL</subfield>
      <subfield code="d">VA@</subfield>
    </datafield>
    <datafield tag="041" ind1="0" ind2=" ">
      <subfield code="a">eng</subfield>
      <subfield code="a">fre</subfield>
      <subfield code="a">ger</subfield>
    </datafield>
    <datafield tag="043" ind1=" " ind2=" ">
      <subfield code="a">e-hu---</subfield>
    </datafield>
    <datafield tag="049" ind1=" " ind2=" ">
      <subfield code="a">VAS@</subfield>
    </datafield>
    <datafield tag="090" ind1=" " ind2=" ">
      <subfield code="a">GN585.H9</subfield>
      <subfield code="b">E85</subfield>
      <subfield code="m">VAS@</subfield>
      <subfield code="q">ALDERMAN</subfield>
    </datafield>
    <datafield tag="245" ind1="0" ind2="0">
      <subfield code="a">Ethnographica et folkloristica Carpathica.</subfield>
    </datafield>
    <datafield tag="260" ind1=" " ind2=" ">
      <subfield code="a">Debrecen :</subfield>
      <subfield code="b">Kossuth Lajos Tudományegyetem,</subfield>
      <subfield code="c">1979-</subfield>
    </datafield>
    <datafield tag="300" ind1=" " ind2=" ">
      <subfield code="a">v. :</subfield>
      <subfield code="b">ill. ;</subfield>
      <subfield code="c">24 cm.</subfield>
    </datafield>
    <datafield tag="362" ind1="0" ind2=" ">
      <subfield code="a">T. 1-</subfield>
    </datafield>
    <datafield tag="440" ind1=" " ind2="0">
      <subfield code="a">Műveltség és hagyomány.</subfield>
    </datafield>
    <datafield tag="546" ind1=" " ind2=" ">
      <subfield code="a">English, French, or German.</subfield>
    </datafield>
    <datafield tag="596" ind1=" " ind2=" ">
      <subfield code="a">2</subfield>
    </datafield>
    <datafield tag="650" ind1=" " ind2="4">
      <subfield code="a">Ethnology</subfield>
      <subfield code="z">Hungary</subfield>
      <subfield code="v">Periodicals.</subfield>
    </datafield>
    <datafield tag="650" ind1=" " ind2="4">
      <subfield code="a">Folklore</subfield>
      <subfield code="z">Hungary</subfield>
      <subfield code="v">Periodicals.</subfield>
    </datafield>
    <datafield tag="710" ind1="2" ind2=" ">
      <subfield code="a">Kossuth Lajos Tudományegyetem.</subfield>
    </datafield>
    <datafield tag="760" ind1="1" ind2=" ">
      <subfield code="t">Műveltség és hagyomány</subfield>
    </datafield>
    <datafield tag="999" ind1=" " ind2=" ">
      <subfield code="a">GN585 .H9 E85 t.1-3 1979-83</subfield>
      <subfield code="w">LCPER</subfield>
      <subfield code="c">1</subfield>
      <subfield code="i">X000841323</subfield>
      <subfield code="d">6/28/1996</subfield>
      <subfield code="l">ALD-STKS</subfield>
      <subfield code="m">ALDERMAN</subfield>
      <subfield code="r">Y</subfield>
      <subfield code="s">Y</subfield>
      <subfield code="t">BOUND-JRNL</subfield>
      <subfield code="u">6/28/1996</subfield>
      <subfield code="x">H-NOTIS</subfield>
    </datafield>
  </record>