
  <record>
    <leader>04750cas a2200673 a 4500</leader>
    <controlfield tag="001">u235</controlfield>
    <controlfield tag="003">SIRSI</controlfield>
    <controlfield tag="008">840507c19849999gw brzp       0uuua0eng d</controlfield>
    <datafield tag="010" ind1=" " ind2=" ">
      <subfield code="a">sn 84012147</subfield>
    </datafield>
    <datafield tag="012" ind1=" " ind2=" ">
      <subfield code="b">3</subfield>
      <subfield code="i">8409</subfield>
    </datafield>
    <datafield tag="019" ind1=" " ind2=" ">
      <subfield code="a">7202028</subfield>
    </datafield>
    <datafield tag="022" ind1=" " ind2=" ">
      <subfield code="a">0174-1578</subfield>
    </datafield>
    <datafield tag="030" ind1=" " ind2=" ">
      <subfield code="a">JPBPDL</subfield>
    </datafield>
    <datafield tag="035" ind1=" " ind2=" ">
      <subfield code="a">(Sirsi) o10697806</subfield>
    </datafield>
    <datafield tag="035" ind1=" " ind2=" ">
      <subfield code="a">(OCoLC)10697806</subfield>
    </datafield>
    <datafield tag="035" ind1=" " ind2=" ">
      <subfield code="a">j comp ph b</subfield>
    </datafield>
    <datafield tag="040" ind1=" " ind2=" ">
      <subfield code="a">LDL</subfield>
      <subfield code="c">LDL</subfield>
      <subfield code="d">AIP</subfield>
      <subfield code="d">NST</subfield>
      <subfield code="d">AIP</subfield>
      <subfield code="d">HUL</subfield>
      <subfield code="d">NST</subfield>
      <subfield code="d">NSD</subfield>
      <subfield code="d">HUL</subfield>
      <subfield code="d">NST</subfield>
      <subfield code="d">NLM</subfield>
      <subfield code="d">AIP</subfield>
      <subfield code="d">IUL</subfield>
      <subfield code="d">NST</subfield>
      <subfield code="d">AIP</subfield>
      <subfield code="d">OCL</subfield>
      <subfield code="d">AGL</subfield>
      <subfield code="d">NST</subfield>
      <subfield code="d">AGL</subfield>
      <subfield code="d">NST</subfield>
      <subfield code="d">VA@</subfield>
    </datafield>
    <datafield tag="042" ind1=" " ind2=" ">
      <subfield code="a">lcd</subfield>
      <subfield code="a">nsdp</subfield>
    </datafield>
    <datafield tag="049" ind1=" " ind2=" ">
      <subfield code="a">VASB</subfield>
    </datafield>
    <datafield tag="060" ind1="0" ind2=" ">
      <subfield code="a">W1</subfield>
      <subfield code="b">JO595JAB</subfield>
    </datafield>
    <datafield tag="069" ind1="1" ind2=" ">
      <subfield code="a">J17602000</subfield>
    </datafield>
    <datafield tag="069" ind1="0" ind2=" ">
      <subfield code="a">8413200</subfield>
    </datafield>
    <datafield tag="070" ind1="0" ind2=" ">
      <subfield code="a">QP33.J681</subfield>
    </datafield>
    <datafield tag="072" ind1=" " ind2=" ">
      <subfield code="a">X300</subfield>
    </datafield>
    <datafield tag="090" ind1=" " ind2=" ">
      <subfield code="a">QP33</subfield>
      <subfield code="b">.Z45 Pt.B</subfield>
      <subfield code="m">VASB</subfield>
      <subfield code="q">BIOLOGY</subfield>
    </datafield>
    <datafield tag="245" ind1="0" ind2="0">
      <subfield code="a">Journal of comparative physiology.</subfield>
      <subfield code="n">B,</subfield>
      <subfield code="p">Biochemical, systemic, and environmental physiology.</subfield>
    </datafield>
    <datafield tag="260" ind1=" " ind2=" ">
      <subfield code="a">Berlin ;</subfield>
      <subfield code="a">New York :</subfield>
      <subfield code="b">Springer-Verlag,</subfield>
      <subfield code="c">[c1984-</subfield>
    </datafield>
    <datafield tag="300" ind1=" " ind2=" ">
      <subfield code="a">v. :</subfield>
      <subfield code="b">ill. ;</subfield>
      <subfield code="c">28 cm.</subfield>
    </datafield>
    <datafield tag="310" ind1=" " ind2=" ">
      <subfield code="a">Bimonthly</subfield>
    </datafield>
    <datafield tag="362" ind1="0" ind2=" ">
      <subfield code="a">Vol. 154, no. 1 (Jan. 1984)-</subfield>
    </datafield>
    <datafield tag="596" ind1=" " ind2=" ">
      <subfield code="a">5 6</subfield>
    </datafield>
    <datafield tag="599" ind1=" " ind2=" ">
      <subfield code="a">6</subfield>
      <subfield code="b">V. 176 NO. 1 JAN 2006;</subfield>
      <subfield code="b">V. 175 NO. 8 NOV 2005;</subfield>
      <subfield code="b">V. 175 NO. 7 OCT 2005;</subfield>
    </datafield>
    <datafield tag="650" ind1=" " ind2="0">
      <subfield code="a">Physiology, Comparative</subfield>
      <subfield code="v">Periodicals.</subfield>
    </datafield>
    <datafield tag="650" ind1=" " ind2="0">
      <subfield code="a">Physiology</subfield>
      <subfield code="v">Periodicals.</subfield>
    </datafield>
    <datafield tag="780" ind1="0" ind2="1">
      <subfield code="t">Journal of comparative physiology</subfield>
      <subfield code="x">0302-9824</subfield>
      <subfield code="w">(DLC)   74644886</subfield>
      <subfield code="w">(OCoLC)1794116</subfield>
    </datafield>
    <datafield tag="999" ind1=" " ind2=" ">
      <subfield code="a">QP33 .Z45 Pt.B (PAID ON 1AAA0244)</subfield>
      <subfield code="w">LCPER</subfield>
      <subfield code="c">1</subfield>
      <subfield code="i">235-15001</subfield>
      <subfield code="d">4/30/1998</subfield>
      <subfield code="l">BP-JOURNLS</subfield>
      <subfield code="m">BIO-PSYCH</subfield>
      <subfield code="r">Y</subfield>
      <subfield code="s">Y</subfield>
      <subfield code="t">BOUND-JRNL</subfield>
      <subfield code="u">8/13/1997</subfield>
    </datafield>
    <datafield tag="999" ind1=" " ind2=" ">
      <subfield code="a">QP33 .Z45 Pt.B v.157 1987/1988</subfield>
      <subfield code="w">LCPER</subfield>
      <subfield code="c">1</subfield>
      <subfield code="i">X001420381</subfield>
      <subfield code="d">12/7/1999</subfield>
      <subfield code="e">12/6/1999</subfield>
      <subfield code="l">SE-JOURNLS</subfield>
      <subfield code="m">SCI-ENG</subfield>
      <subfield code="n">2</subfield>
      <subfield code="r">Y</subfield>
      <subfield code="s">Y</subfield>
      <subfield code="t">BOUND-JRNL</subfield>
      <subfield code="u">4/30/1998</subfield>
      <subfield code="x">H-NOTIS</subfield>
    </datafield>
    <datafield tag="999" ind1=" " ind2=" ">
      <subfield code="a">QP33 .Z45 Pt.B v.158 1988-1989</subfield>
      <subfield code="w">LCPER</subfield>
      <subfield code="c">1</subfield>
      <subfield code="i">X001563596</subfield>
      <subfield code="d">3/13/2003</subfield>
      <subfield code="e">3/12/2003</subfield>
      <subfield code="f">4/25/2002</subfield>
      <subfield code="g">1</subfield>
      <subfield code="l">SE-JOURNLS</subfield>
      <subfield code="m">SCI-ENG</subfield>
      <subfield code="n">2</subfield>
      <subfield code="q">2</subfield>
      <subfield code="r">Y</subfield>
      <subfield code="s">Y</subfield>
      <subfield code="t">BOUND-JRNL</subfield>
      <subfield code="u">6/28/1996</subfield>
      <subfield code="x">ADD</subfield>
    </datafield>
    <datafield tag="999" ind1=" " ind2=" ">
      <subfield code="a">QP33 .Z45 Pt.B v.170 2000</subfield>
      <subfield code="w">LCPER</subfield>
      <subfield code="c">1</subfield>
      <subfield code="i">X006090062</subfield>
      <subfield code="d">12/13/2001</subfield>
      <subfield code="e">11/2/2001</subfield>
      <subfield code="l">BP-JOURNLS</subfield>
      <subfield code="m">BIO-PSYCH</subfield>
      <subfield code="n">1</subfield>
      <subfield code="r">Y</subfield>
      <subfield code="s">Y</subfield>
      <subfield code="t">BOUND-JRNL</subfield>
      <subfield code="u">11/2/2001</subfield>
      <subfield code="x">ADD</subfield>
    </datafield>
    <datafield tag="999" ind1=" " ind2=" ">
      <subfield code="a">QP33 .Z45 Pt.B v.171 2001</subfield>
      <subfield code="w">LCPER</subfield>
      <subfield code="c">1</subfield>
      <subfield code="i">X006106142</subfield>
      <subfield code="d">3/7/2003</subfield>
      <subfield code="e">4/11/2002</subfield>
      <subfield code="l">BP-JOURNLS</subfield>
      <subfield code="m">BIO-PSYCH</subfield>
      <subfield code="n">1</subfield>
      <subfield code="q">1</subfield>
      <subfield code="r">Y</subfield>
      <subfield code="s">Y</subfield>
      <subfield code="t">BOUND-JRNL</subfield>
      <subfield code="u">4/11/2002</subfield>
      <subfield code="x">ADD</subfield>
    </datafield>
    <datafield tag="999" ind1=" " ind2=" ">
      <subfield code="a">QP33 .Z45 Pt.B v.172 2002</subfield>
      <subfield code="w">LCPER</subfield>
      <subfield code="c">1</subfield>
      <subfield code="i">X006138427</subfield>
      <subfield code="d">10/22/2003</subfield>
      <subfield code="e">9/18/2003</subfield>
      <subfield code="l">BP-JOURNLS</subfield>
      <subfield code="m">BIO-PSYCH</subfield>
      <subfield code="n">1</subfield>
      <subfield code="r">Y</subfield>
      <subfield code="s">Y</subfield>
      <subfield code="t">BOUND-JRNL</subfield>
      <subfield code="u">8/7/2003</subfield>
    </datafield>
    <datafield tag="999" ind1=" " ind2=" ">
      <subfield code="a">QP33 .Z45 Pt.B v.173  2003</subfield>
      <subfield code="w">LCPER</subfield>
      <subfield code="c">1</subfield>
      <subfield code="i">X006138918</subfield>
      <subfield code="d">5/6/2004</subfield>
      <subfield code="e">4/14/2004</subfield>
      <subfield code="l">BP-JOURNLS</subfield>
      <subfield code="m">BIO-PSYCH</subfield>
      <subfield code="r">Y</subfield>
      <subfield code="s">Y</subfield>
      <subfield code="t">BOUND-JRNL</subfield>
      <subfield code="u">4/9/2004</subfield>
    </datafield>
    <datafield tag="999" ind1=" " ind2=" ">
      <subfield code="a">QP33 .Z45 Pt.B v.174  2004</subfield>
      <subfield code="w">LCPER</subfield>
      <subfield code="c">1</subfield>
      <subfield code="i">X006183866</subfield>
      <subfield code="d">8/11/2005</subfield>
      <subfield code="e">7/12/2005</subfield>
      <subfield code="l">BP-JOURNLS</subfield>
      <subfield code="m">BIO-PSYCH</subfield>
      <subfield code="r">Y</subfield>
      <subfield code="s">Y</subfield>
      <subfield code="t">BOUND-JRNL</subfield>
      <subfield code="u">6/30/2005</subfield>
    </datafield>
    <datafield tag="999" ind1=" " ind2=" ">
      <subfield code="a">QP33 .Z45 Pt.B v.175  2005</subfield>
      <subfield code="w">LCPER</subfield>
      <subfield code="c">1</subfield>
      <subfield code="i">X006185806</subfield>
      <subfield code="d">3/22/2007</subfield>
      <subfield code="e">2/23/2007</subfield>
      <subfield code="l">BP-JOURNLS</subfield>
      <subfield code="m">BIO-PSYCH</subfield>
      <subfield code="r">Y</subfield>
      <subfield code="s">Y</subfield>
      <subfield code="t">BOUND-JRNL</subfield>
      <subfield code="u">2/19/2007</subfield>
    </datafield>
    <datafield tag="999" ind1=" " ind2=" ">
      <subfield code="a">QP33 .Z45 Pt.B v.176  2006</subfield>
      <subfield code="w">LCPER</subfield>
      <subfield code="c">1</subfield>
      <subfield code="i">X006186033</subfield>
      <subfield code="d">5/12/2008</subfield>
      <subfield code="e">4/3/2008</subfield>
      <subfield code="l">BP-JOURNLS</subfield>
      <subfield code="m">BIO-PSYCH</subfield>
      <subfield code="q">1</subfield>
      <subfield code="r">Y</subfield>
      <subfield code="s">Y</subfield>
      <subfield code="t">BOUND-JRNL</subfield>
      <subfield code="u">3/26/2008</subfield>
    </datafield>
    <datafield tag="999" ind1=" " ind2=" ">
      <subfield code="a">QP33 .Z45 Pt.B v.154 1984</subfield>
      <subfield code="w">LCPER</subfield>
      <subfield code="c">1</subfield>
      <subfield code="i">X001420384</subfield>
      <subfield code="d">6/28/1996</subfield>
      <subfield code="l">SE-JOURNLS</subfield>
      <subfield code="m">SCI-ENG</subfield>
      <subfield code="r">Y</subfield>
      <subfield code="s">Y</subfield>
      <subfield code="t">BOUND-JRNL</subfield>
      <subfield code="u">6/28/1996</subfield>
      <subfield code="x">H-NOTIS</subfield>
    </datafield>
    <datafield tag="999" ind1=" " ind2=" ">
      <subfield code="a">QP33 .Z45 Pt.B v.155 1984-1985</subfield>
      <subfield code="w">LCPER</subfield>
      <subfield code="c">1</subfield>
      <subfield code="i">X001420383</subfield>
      <subfield code="d">12/7/1999</subfield>
      <subfield code="e">12/6/1999</subfield>
      <subfield code="l">SE-JOURNLS</subfield>
      <subfield code="m">SCI-ENG</subfield>
      <subfield code="n">3</subfield>
      <subfield code="r">Y</subfield>
      <subfield code="s">Y</subfield>
      <subfield code="t">BOUND-JRNL</subfield>
      <subfield code="u">6/28/1996</subfield>
      <subfield code="x">H-NOTIS</subfield>
    </datafield>
    <datafield tag="999" ind1=" " ind2=" ">
      <subfield code="a">QP33 .Z45 Pt.B v.156 1985-1986</subfield>
      <subfield code="w">LCPER</subfield>
      <subfield code="c">1</subfield>
      <subfield code="i">X001420382</subfield>
      <subfield code="d">9/24/2007</subfield>
      <subfield code="l">SE-JOURNLS</subfield>
      <subfield code="m">SCI-ENG</subfield>
      <subfield code="q">3</subfield>
      <subfield code="r">Y</subfield>
      <subfield code="s">Y</subfield>
      <subfield code="t">BOUND-JRNL</subfield>
      <subfield code="u">6/28/1996</subfield>
      <subfield code="x">H-NOTIS</subfield>
    </datafield>
    <datafield tag="999" ind1=" " ind2=" ">
      <subfield code="a">QP33 .Z45 Pt.B v.159 1989-1990</subfield>
      <subfield code="w">LCPER</subfield>
      <subfield code="c">1</subfield>
      <subfield code="i">X001757872</subfield>
      <subfield code="d">4/26/2000</subfield>
      <subfield code="e">4/25/2000</subfield>
      <subfield code="l">SE-JOURNLS</subfield>
      <subfield code="m">SCI-ENG</subfield>
      <subfield code="n">4</subfield>
      <subfield code="q">1</subfield>
      <subfield code="r">Y</subfield>
      <subfield code="s">Y</subfield>
      <subfield code="t">BOUND-JRNL</subfield>
      <subfield code="u">6/28/1996</subfield>
      <subfield code="x">ADD</subfield>
    </datafield>
    <datafield tag="999" ind1=" " ind2=" ">
      <subfield code="a">QP33 .Z45 Pt.B v.160 1990-1991</subfield>
      <subfield code="w">LCPER</subfield>
      <subfield code="c">1</subfield>
      <subfield code="i">X001952131</subfield>
      <subfield code="d">2/7/2001</subfield>
      <subfield code="l">SE-JOURNLS</subfield>
      <subfield code="m">SCI-ENG</subfield>
      <subfield code="n">1</subfield>
      <subfield code="q">6</subfield>
      <subfield code="r">Y</subfield>
      <subfield code="s">Y</subfield>
      <subfield code="t">BOUND-JRNL</subfield>
      <subfield code="u">6/28/1996</subfield>
      <subfield code="x">ADD</subfield>
    </datafield>
    <datafield tag="999" ind1=" " ind2=" ">
      <subfield code="a">QP33 .Z45 Pt.B v.161 1991</subfield>
      <subfield code="w">LCPER</subfield>
      <subfield code="c">1</subfield>
      <subfield code="i">X002029206</subfield>
      <subfield code="d">5/7/2001</subfield>
      <subfield code="f">5/7/2001</subfield>
      <subfield code="g">1</subfield>
      <subfield code="l">SE-JOURNLS</subfield>
      <subfield code="m">SCI-ENG</subfield>
      <subfield code="n">1</subfield>
      <subfield code="q">2</subfield>
      <subfield code="r">Y</subfield>
      <subfield code="s">Y</subfield>
      <subfield code="t">BOUND-JRNL</subfield>
      <subfield code="u">6/28/1996</subfield>
      <subfield code="x">ADD</subfield>
    </datafield>
    <datafield tag="999" ind1=" " ind2=" ">
      <subfield code="a">QP33 .Z45 Pt.B v.162 1992</subfield>
      <subfield code="w">LCPER</subfield>
      <subfield code="c">1</subfield>
      <subfield code="i">X002138142</subfield>
      <subfield code="d">4/5/2002</subfield>
      <subfield code="l">SE-JOURNLS</subfield>
      <subfield code="m">SCI-ENG</subfield>
      <subfield code="n">1</subfield>
      <subfield code="q">1</subfield>
      <subfield code="r">Y</subfield>
      <subfield code="s">Y</subfield>
      <subfield code="t">BOUND-JRNL</subfield>
      <subfield code="u">6/28/1996</subfield>
      <subfield code="x">H-NOTIS</subfield>
    </datafield>
    <datafield tag="999" ind1=" " ind2=" ">
      <subfield code="a">QP33 .Z45 Pt.B v.163 1993-1994</subfield>
      <subfield code="w">LCPER</subfield>
      <subfield code="c">1</subfield>
      <subfield code="i">X002469723</subfield>
      <subfield code="d">2/16/2004</subfield>
      <subfield code="e">2/12/2004</subfield>
      <subfield code="l">SE-JOURNLS</subfield>
      <subfield code="m">SCI-ENG</subfield>
      <subfield code="n">2</subfield>
      <subfield code="q">4</subfield>
      <subfield code="r">Y</subfield>
      <subfield code="s">Y</subfield>
      <subfield code="t">BOUND-JRNL</subfield>
      <subfield code="u">6/28/1996</subfield>
      <subfield code="x">H-NOTIS</subfield>
    </datafield>
    <datafield tag="999" ind1=" " ind2=" ">
      <subfield code="a">QP33 .Z45 Pt.B v.164 1994-1995</subfield>
      <subfield code="w">LCPER</subfield>
      <subfield code="c">1</subfield>
      <subfield code="i">X002616342</subfield>
      <subfield code="d">9/2/2004</subfield>
      <subfield code="l">SE-JOURNLS</subfield>
      <subfield code="m">SCI-ENG</subfield>
      <subfield code="n">1</subfield>
      <subfield code="q">4</subfield>
      <subfield code="r">Y</subfield>
      <subfield code="s">Y</subfield>
      <subfield code="t">BOUND-JRNL</subfield>
      <subfield code="u">6/28/1996</subfield>
      <subfield code="x">H-NOTIS</subfield>
    </datafield>
    <datafield tag="999" ind1=" " ind2=" ">
      <subfield code="a">QP33 .Z45 Pt.B v.165 1995</subfield>
      <subfield code="w">LCPER</subfield>
      <subfield code="c">1</subfield>
      <subfield code="i">X006009390</subfield>
      <subfield code="d">4/14/2003</subfield>
      <subfield code="e">5/21/1998</subfield>
      <subfield code="l">SE-JOURNLS</subfield>
      <subfield code="m">SCI-ENG</subfield>
      <subfield code="n">3</subfield>
      <subfield code="q">1</subfield>
      <subfield code="r">Y</subfield>
      <subfield code="s">Y</subfield>
      <subfield code="t">BOUND-JRNL</subfield>
      <subfield code="u">8/5/1997</subfield>
      <subfield code="x">H-NOTIS</subfield>
    </datafield>
    <datafield tag="999" ind1=" " ind2=" ">
      <subfield code="a">QP33 .Z45 Pt.B v.166 1996</subfield>
      <subfield code="w">LCPER</subfield>
      <subfield code="c">1</subfield>
      <subfield code="i">X006009389</subfield>
      <subfield code="d">9/22/2000</subfield>
      <subfield code="e">9/2/1997</subfield>
      <subfield code="l">SE-JOURNLS</subfield>
      <subfield code="m">SCI-ENG</subfield>
      <subfield code="n">2</subfield>
      <subfield code="q">1</subfield>
      <subfield code="r">Y</subfield>
      <subfield code="s">Y</subfield>
      <subfield code="t">BOUND-JRNL</subfield>
      <subfield code="u">8/5/1997</subfield>
      <subfield code="x">H-NOTIS</subfield>
    </datafield>
    <datafield tag="999" ind1=" " ind2=" ">
      <subfield code="a">QP33 .Z45 Pt.B v.167 1997</subfield>
      <subfield code="w">LCPER</subfield>
      <subfield code="c">1</subfield>
      <subfield code="i">X006074444</subfield>
      <subfield code="d">9/22/2000</subfield>
      <subfield code="e">2/23/1999</subfield>
      <subfield code="l">SE-JOURNLS</subfield>
      <subfield code="m">SCI-ENG</subfield>
      <subfield code="n">2</subfield>
      <subfield code="q">2</subfield>
      <subfield code="r">Y</subfield>
      <subfield code="s">Y</subfield>
      <subfield code="t">BOUND-JRNL</subfield>
      <subfield code="u">1/25/1999</subfield>
      <subfield code="x">H-NOTIS</subfield>
    </datafield>
    <datafield tag="999" ind1=" " ind2=" ">
      <subfield code="a">QP33 .Z45 Pt.B v.168 1998</subfield>
      <subfield code="w">LCPER</subfield>
      <subfield code="c">1</subfield>
      <subfield code="i">X006004591</subfield>
      <subfield code="d">4/21/2009</subfield>
      <subfield code="e">5/18/1999</subfield>
      <subfield code="l">SE-JOURNLS</subfield>
      <subfield code="m">SCI-ENG</subfield>
      <subfield code="n">2</subfield>
      <subfield code="q">2</subfield>
      <subfield code="r">Y</subfield>
      <subfield code="s">Y</subfield>
      <subfield code="t">BOUND-JRNL</subfield>
      <subfield code="u">4/14/1999</subfield>
      <subfield code="x">ADD</subfield>
    </datafield>
    <datafield tag="999" ind1=" " ind2=" ">
      <subfield code="a">QP33 .Z45 Pt.B v.169 1999</subfield>
      <subfield code="w">LCPER</subfield>
      <subfield code="c">1</subfield>
      <subfield code="i">X006029812</subfield>
      <subfield code="d">4/21/2009</subfield>
      <subfield code="e">8/8/2000</subfield>
      <subfield code="l">SE-JOURNLS</subfield>
      <subfield code="m">SCI-ENG</subfield>
      <subfield code="n">2</subfield>
      <subfield code="q">1</subfield>
      <subfield code="r">Y</subfield>
      <subfield code="s">Y</subfield>
      <subfield code="t">BOUND-JRNL</subfield>
      <subfield code="u">6/20/2000</subfield>
      <subfield code="x">ADD</subfield>
    </datafield>
  </record>