
  <record>
    <leader>01421ngm a2200325 a 4500</leader>
    <controlfield tag="001">u251</controlfield>
    <controlfield tag="003">SIRSI</controlfield>
    <controlfield tag="007">vf-bbaho-</controlfield>
    <controlfield tag="008">840507q19801984nyu095 e         0vleng d</controlfield>
    <datafield tag="035" ind1=" " ind2=" ">
      <subfield code="a">(Sirsi) o10697860</subfield>
    </datafield>
    <datafield tag="035" ind1=" " ind2=" ">
      <subfield code="a">(OCoLC)10697860</subfield>
    </datafield>
    <datafield tag="035" ind1=" " ind2=" ">
      <subfield code="a">194-8271</subfield>
      <subfield code="b">YX1035502=U</subfield>
    </datafield>
    <datafield tag="040" ind1=" " ind2=" ">
      <subfield code="a">MST</subfield>
      <subfield code="c">MST</subfield>
      <subfield code="d">VA@</subfield>
    </datafield>
    <datafield tag="049" ind1=" " ind2=" ">
      <subfield code="a">VA@U</subfield>
    </datafield>
    <datafield tag="090" ind1=" " ind2=" ">
      <subfield code="a">PN1997</subfield>
      <subfield code="b">.M87 1980x</subfield>
      <subfield code="m">VA@U</subfield>
      <subfield code="q">CLEMONS</subfield>
    </datafield>
    <datafield tag="245" ind1="0" ind2="0">
      <subfield code="a">Murder</subfield>
      <subfield code="h">[videorecording] /</subfield>
      <subfield code="c">British International Pictures ; directed by Alfred Hitchcock.</subfield>
    </datafield>
    <datafield tag="260" ind1=" " ind2=" ">
      <subfield code="a">New York, N.Y. :</subfield>
      <subfield code="b">Video Dimensions,</subfield>
      <subfield code="c">[198-?].</subfield>
    </datafield>
    <datafield tag="300" ind1=" " ind2=" ">
      <subfield code="a">1 videocassette (95 min.) :</subfield>
      <subfield code="b">sd., b&amp;w ;</subfield>
      <subfield code="c">1/2 in.</subfield>
    </datafield>
    <datafield tag="500" ind1=" " ind2=" ">
      <subfield code="a">VHS format [NTSC]</subfield>
    </datafield>
    <datafield tag="500" ind1=" " ind2=" ">
      <subfield code="a">Made in London in 1930.</subfield>
    </datafield>
    <datafield tag="500" ind1=" " ind2=" ">
      <subfield code="a">Based on the novel: Enter Sir John / by Clemence Dane [i.e. Winifred Ashton] and Helen Simpson.</subfield>
    </datafield>
    <datafield tag="508" ind1=" " ind2=" ">
      <subfield code="a">Director, Alfred Hitchcock.</subfield>
    </datafield>
    <datafield tag="511" ind1="0" ind2=" ">
      <subfield code="a">Herbert Marshall, Norah Baring, Miles Mander, Phyllis Kenstarn.</subfield>
    </datafield>
    <datafield tag="520" ind1=" " ind2=" ">
      <subfield code="a">An actress is convicted of murder, but one of the jurists is the only person who believes in her innocence and painstakingly reconstructs a murder to prove her innocent.</subfield>
    </datafield>
    <datafield tag="596" ind1=" " ind2=" ">
      <subfield code="a">20</subfield>
    </datafield>
    <datafield tag="700" ind1="1" ind2=" ">
      <subfield code="a">Hitchcock, Alfred,</subfield>
      <subfield code="d">1899-1980.</subfield>
    </datafield>
    <datafield tag="700" ind1="1" ind2=" ">
      <subfield code="a">Dane, Clemence.</subfield>
      <subfield code="t">Enter Sir John.</subfield>
    </datafield>
    <datafield tag="700" ind1="1" ind2=" ">
      <subfield code="a">Simpson, Helen,</subfield>
      <subfield code="d">1897-1940.</subfield>
    </datafield>
    <datafield tag="710" ind1="2" ind2=" ">
      <subfield code="a">British International Pictures.</subfield>
    </datafield>
    <datafield tag="999" ind1=" " ind2=" ">
      <subfield code="a">VIDEO .VHS1199</subfield>
      <subfield code="w">ALPHANUM</subfield>
      <subfield code="c">1</subfield>
      <subfield code="i">X001035502</subfield>
      <subfield code="d">11/23/2003</subfield>
      <subfield code="e">11/23/2003</subfield>
      <subfield code="l">VAULT</subfield>
      <subfield code="m">MEDIA-CTR</subfield>
      <subfield code="n">35</subfield>
      <subfield code="q">6</subfield>
      <subfield code="r">Y</subfield>
      <subfield code="s">Y</subfield>
      <subfield code="t">VIDEO-CASS</subfield>
      <subfield code="u">6/28/1996</subfield>
      <subfield code="x">H-NOTIS</subfield>
    </datafield>
  </record>