
  <record>
    <leader>01146ccm a2200325 a 4500</leader>
    <controlfield tag="001">u333</controlfield>
    <controlfield tag="003">SIRSI</controlfield>
    <controlfield tag="008">840508s1984    gw muz   ei    n 1  zxx d</controlfield>
    <datafield tag="020" ind1=" " ind2=" ">
      <subfield code="a">3775106189</subfield>
    </datafield>
    <datafield tag="028" ind1="2" ind2="0">
      <subfield code="a">CEKM 43</subfield>
    </datafield>
    <datafield tag="035" ind1=" " ind2=" ">
      <subfield code="a">(Sirsi) o10701649</subfield>
    </datafield>
    <datafield tag="035" ind1=" " ind2=" ">
      <subfield code="a">(OCoLC)10701649</subfield>
    </datafield>
    <datafield tag="040" ind1=" " ind2=" ">
      <subfield code="a">PZI</subfield>
      <subfield code="c">PZI</subfield>
      <subfield code="d">ENG</subfield>
      <subfield code="d">VA@</subfield>
    </datafield>
    <datafield tag="047" ind1=" " ind2=" ">
      <subfield code="a">tc</subfield>
      <subfield code="a">ri</subfield>
      <subfield code="a">cz</subfield>
    </datafield>
    <datafield tag="048" ind1=" " ind2=" ">
      <subfield code="a">kn01</subfield>
    </datafield>
    <datafield tag="049" ind1=" " ind2=" ">
      <subfield code="a">VA@$</subfield>
    </datafield>
    <datafield tag="090" ind1=" " ind2=" ">
      <subfield code="a">M2</subfield>
      <subfield code="b">.C8 no.43</subfield>
      <subfield code="m">VA@$</subfield>
      <subfield code="q">MUSIC</subfield>
    </datafield>
    <datafield tag="100" ind1="1" ind2=" ">
      <subfield code="a">Cavaccio, Giovanni,</subfield>
      <subfield code="d">ca. 1556-1626.</subfield>
    </datafield>
    <datafield tag="240" ind1="1" ind2="0">
      <subfield code="a">Sudori musicali</subfield>
    </datafield>
    <datafield tag="245" ind1="1" ind2="0">
      <subfield code="a">Sudori musicali :</subfield>
      <subfield code="b">(1626) /</subfield>
      <subfield code="c">Giovanni Cavaccio. Edited by I. [i.e. J.] Evan Kreider.</subfield>
    </datafield>
    <datafield tag="260" ind1=" " ind2=" ">
      <subfield code="a">[Neuhausen-Stuttgart] :</subfield>
      <subfield code="b">American Institute of Musicology :</subfield>
      <subfield code="b">Hänssler-Verlag,</subfield>
      <subfield code="c">1984.</subfield>
    </datafield>
    <datafield tag="300" ind1=" " ind2=" ">
      <subfield code="a">xi p., 90 p. of music ;</subfield>
      <subfield code="c">32 cm.</subfield>
    </datafield>
    <datafield tag="440" ind1=" " ind2="0">
      <subfield code="a">Corpus of early keyboard music</subfield>
      <subfield code="v">43.</subfield>
    </datafield>
    <datafield tag="500" ind1=" " ind2=" ">
      <subfield code="a">"Includes all of Cavaccio's extant keyboard music"--P.X.</subfield>
    </datafield>
    <datafield tag="596" ind1=" " ind2=" ">
      <subfield code="a">12</subfield>
    </datafield>
    <datafield tag="650" ind1=" " ind2="0">
      <subfield code="a">Canons, fugues, etc. (Keyboard Instrument)</subfield>
    </datafield>
    <datafield tag="650" ind1=" " ind2="0">
      <subfield code="a">Harpsichord music.</subfield>
    </datafield>
    <datafield tag="650" ind1=" " ind2="0">
      <subfield code="a">Organ music.</subfield>
    </datafield>
    <datafield tag="700" ind1="1" ind2=" ">
      <subfield code="a">Kreider, J. Evan</subfield>
      <subfield code="q">(John Evan),</subfield>
      <subfield code="d">1942-</subfield>
    </datafield>
    <datafield tag="999" ind1=" " ind2=" ">
      <subfield code="a">M2 .C8 no.43</subfield>
      <subfield code="w">LC</subfield>
      <subfield code="c">1</subfield>
      <subfield code="i">X002055251</subfield>
      <subfield code="d">7/2/1998</subfield>
      <subfield code="l">MU-STKS</subfield>
      <subfield code="m">MUSIC</subfield>
      <subfield code="r">N</subfield>
      <subfield code="s">Y</subfield>
      <subfield code="t">MUSCORE-NC</subfield>
      <subfield code="u">6/28/1996</subfield>
      <subfield code="x">H-NOTIS</subfield>
    </datafield>
  </record>