
  <record>
    <leader>02259cam a2200505 a 4500</leader>
    <controlfield tag="001">u907</controlfield>
    <controlfield tag="003">SIRSI</controlfield>
    <controlfield tag="007">cr un----------</controlfield>
    <controlfield tag="008">840817s1984    dcua     b    00000 eng  </controlfield>
    <datafield tag="010" ind1=" " ind2=" ">
      <subfield code="a">   84060101</subfield>
    </datafield>
    <datafield tag="019" ind1=" " ind2=" ">
      <subfield code="a">10781325</subfield>
      <subfield code="a">10976227</subfield>
    </datafield>
    <datafield tag="020" ind1=" " ind2=" ">
      <subfield code="a">0309034442 (pbk.)</subfield>
    </datafield>
    <datafield tag="020" ind1=" " ind2=" ">
      <subfield code="a">0309034442</subfield>
    </datafield>
    <datafield tag="035" ind1=" " ind2=" ">
      <subfield code="a">(Sirsi) o10718378</subfield>
    </datafield>
    <datafield tag="035" ind1=" " ind2=" ">
      <subfield code="a">(OCoLC)10718378</subfield>
    </datafield>
    <datafield tag="035" ind1=" " ind2=" ">
      <subfield code="b">DX924638=UC2</subfield>
    </datafield>
    <datafield tag="035" ind1=" " ind2=" ">
      <subfield code="a">(Sirsi) o10781325</subfield>
    </datafield>
    <datafield tag="035" ind1=" " ind2=" ">
      <subfield code="a">(OCoLC)10781325</subfield>
    </datafield>
    <datafield tag="035" ind1=" " ind2=" ">
      <subfield code="b">YX818701=S</subfield>
    </datafield>
    <datafield tag="039" ind1="0" ind2=" ">
      <subfield code="a">2</subfield>
      <subfield code="b">3</subfield>
      <subfield code="c">3</subfield>
      <subfield code="d">3</subfield>
      <subfield code="e">3</subfield>
    </datafield>
    <datafield tag="040" ind1=" " ind2=" ">
      <subfield code="a">DLC</subfield>
      <subfield code="c">DLC</subfield>
      <subfield code="d">WQM</subfield>
      <subfield code="d">VA@</subfield>
    </datafield>
    <datafield tag="043" ind1=" " ind2=" ">
      <subfield code="a">n-us---</subfield>
    </datafield>
    <datafield tag="049" ind1=" " ind2=" ">
      <subfield code="a">VA@U</subfield>
    </datafield>
    <datafield tag="050" ind1="0" ind2=" ">
      <subfield code="a">TD898</subfield>
      <subfield code="b">.S59 1984</subfield>
    </datafield>
    <datafield tag="082" ind1="0" ind2=" ">
      <subfield code="a">363.7/28</subfield>
      <subfield code="2">19</subfield>
    </datafield>
    <datafield tag="090" ind1=" " ind2=" ">
      <subfield code="a">TD812</subfield>
      <subfield code="b">.S63 1984</subfield>
      <subfield code="m">VA@U</subfield>
      <subfield code="q">CLEMONS</subfield>
    </datafield>
    <datafield tag="096" ind1=" " ind2=" ">
      <subfield code="a">WA 788 S678 1984</subfield>
    </datafield>
    <datafield tag="245" ind1="0" ind2="0">
      <subfield code="a">Social and economic aspects of radioactive waste disposal :</subfield>
      <subfield code="b">considerations for institutional management /</subfield>
      <subfield code="c">Panel on Social and Economic Aspects of Radioactive Waste Management, Board on Radioactive Waste Management, Commission on Physical Sciences, Mathematics, and Resources, National Research Council.</subfield>
    </datafield>
    <datafield tag="260" ind1=" " ind2=" ">
      <subfield code="a">Washington, D.C. :</subfield>
      <subfield code="b">National Academy Press,</subfield>
      <subfield code="c">1984.</subfield>
    </datafield>
    <datafield tag="300" ind1=" " ind2=" ">
      <subfield code="a">xii, 175 p. :</subfield>
      <subfield code="b">ill. ;</subfield>
      <subfield code="c">23 cm.</subfield>
    </datafield>
    <datafield tag="504" ind1=" " ind2=" ">
      <subfield code="a">Includes bibliographical references.</subfield>
    </datafield>
    <datafield tag="530" ind1=" " ind2=" ">
      <subfield code="a">Also available online as an electronic resource.</subfield>
    </datafield>
    <datafield tag="596" ind1=" " ind2=" ">
      <subfield code="a">1 3 5</subfield>
    </datafield>
    <datafield tag="650" ind1=" " ind2="0">
      <subfield code="a">Radioactive waste disposal</subfield>
      <subfield code="x">Social aspects</subfield>
      <subfield code="z">United States.</subfield>
    </datafield>
    <datafield tag="650" ind1=" " ind2="0">
      <subfield code="a">Radioactive waste disposal</subfield>
      <subfield code="x">Economic aspects</subfield>
      <subfield code="z">United States.</subfield>
    </datafield>
    <datafield tag="650" ind1=" " ind2="2">
      <subfield code="a">Radioactive Waste.</subfield>
    </datafield>
    <datafield tag="650" ind1=" " ind2="2">
      <subfield code="a">Radioactive Waste</subfield>
      <subfield code="x">economics.</subfield>
    </datafield>
    <datafield tag="650" ind1=" " ind2="0">
      <subfield code="a">Radioactive waste disposal</subfield>
      <subfield code="x">Social aspects.</subfield>
    </datafield>
    <datafield tag="650" ind1=" " ind2="0">
      <subfield code="a">Radioactive waste disposal</subfield>
      <subfield code="x">Economic aspects.</subfield>
    </datafield>
    <datafield tag="710" ind1="2" ind2=" ">
      <subfield code="a">National Research Council (U.S.).</subfield>
      <subfield code="b">Panel on Social and Economic Aspects of Radioactive Waste Management.</subfield>
    </datafield>
    <datafield tag="856" ind1="4" ind2="1">
      <subfield code="u">http://www.nap.edu/books/0309034442/html/</subfield>
    </datafield>
    <datafield tag="999" ind1=" " ind2=" ">
      <subfield code="a">XX(0000907.2)</subfield>
      <subfield code="w">WEB</subfield>
      <subfield code="c">1</subfield>
      <subfield code="i">907-2001</subfield>
      <subfield code="l">INTERNET</subfield>
      <subfield code="m">UVA-LIB</subfield>
      <subfield code="r">N</subfield>
      <subfield code="s">Y</subfield>
      <subfield code="t">INTERNET</subfield>
      <subfield code="u">11/16/2004</subfield>
      <subfield code="x">ADD</subfield>
    </datafield>
    <datafield tag="999" ind1=" " ind2=" ">
      <subfield code="a">TD812 .S63 1984</subfield>
      <subfield code="w">LC</subfield>
      <subfield code="c">1</subfield>
      <subfield code="i">X000818701</subfield>
      <subfield code="d">5/16/2000</subfield>
      <subfield code="e">5/15/2000</subfield>
      <subfield code="l">SEL-STKS</subfield>
      <subfield code="m">SCI-ENG</subfield>
      <subfield code="n">7</subfield>
      <subfield code="q">1</subfield>
      <subfield code="r">Y</subfield>
      <subfield code="s">Y</subfield>
      <subfield code="t">BOOK</subfield>
      <subfield code="u">6/28/1996</subfield>
      <subfield code="x">H-NOTIS</subfield>
    </datafield>
    <datafield tag="999" ind1=" " ind2=" ">
      <subfield code="a">XX(907.4)</subfield>
      <subfield code="w">WEB</subfield>
      <subfield code="c">1</subfield>
      <subfield code="i">907-4001</subfield>
      <subfield code="l">INTERNET</subfield>
      <subfield code="m">UVA-LIB</subfield>
      <subfield code="r">N</subfield>
      <subfield code="s">Y</subfield>
      <subfield code="t">INTERNET</subfield>
      <subfield code="u">11/16/2004</subfield>
      <subfield code="x">ADD</subfield>
    </datafield>
    <datafield tag="999" ind1=" " ind2=" ">
      <subfield code="a">TD812 .S63 1984</subfield>
      <subfield code="w">LC</subfield>
      <subfield code="c">1</subfield>
      <subfield code="i">X000924638</subfield>
      <subfield code="d">12/21/1994</subfield>
      <subfield code="l">WITHDRAWN</subfield>
      <subfield code="m">CLEMONS</subfield>
      <subfield code="n">3</subfield>
      <subfield code="r">Y</subfield>
      <subfield code="s">Y</subfield>
      <subfield code="t">BOOK</subfield>
      <subfield code="u">6/28/1996</subfield>
      <subfield code="x">H-NOTIS</subfield>
    </datafield>
  </record>