
  <record>
    <leader>01036nim a2200277 a 4500</leader>
    <controlfield tag="001">u960</controlfield>
    <controlfield tag="003">SIRSI</controlfield>
    <controlfield tag="007">ssrlunjlc---c</controlfield>
    <controlfield tag="008">840424s1984    xxcnnnn        f 1  eng d</controlfield>
    <datafield tag="028" ind1="0" ind2="2">
      <subfield code="a">LFP 7013</subfield>
      <subfield code="b">Listen for Pleasure</subfield>
    </datafield>
    <datafield tag="035" ind1=" " ind2=" ">
      <subfield code="a">(Sirsi) o10658831</subfield>
    </datafield>
    <datafield tag="035" ind1=" " ind2=" ">
      <subfield code="a">(OCoLC)10658831</subfield>
    </datafield>
    <datafield tag="035" ind1=" " ind2=" ">
      <subfield code="b">CX897381=UF000001;DX897380=UF000002</subfield>
    </datafield>
    <datafield tag="040" ind1=" " ind2=" ">
      <subfield code="a">SOM</subfield>
      <subfield code="c">SOM</subfield>
      <subfield code="d">VA@</subfield>
    </datafield>
    <datafield tag="049" ind1=" " ind2=" ">
      <subfield code="a">VA@U</subfield>
    </datafield>
    <datafield tag="090" ind1=" " ind2=" ">
      <subfield code="a">CAS0661</subfield>
      <subfield code="m">VA@U</subfield>
      <subfield code="q">CLEMONS</subfield>
    </datafield>
    <datafield tag="100" ind1="1" ind2=" ">
      <subfield code="a">Orwell, George,</subfield>
      <subfield code="d">1903-1950.</subfield>
    </datafield>
    <datafield tag="245" ind1="1" ind2="0">
      <subfield code="a">1984</subfield>
      <subfield code="h">[sound recording] /</subfield>
      <subfield code="c">George Orwell.</subfield>
    </datafield>
    <datafield tag="260" ind1=" " ind2=" ">
      <subfield code="a">Downsville, Ontario :</subfield>
      <subfield code="b">Listen for Pleasure,</subfield>
      <subfield code="c">1984.</subfield>
    </datafield>
    <datafield tag="300" ind1=" " ind2=" ">
      <subfield code="a">2 sound cassettes :</subfield>
      <subfield code="b">1 7/8 ips.</subfield>
    </datafield>
    <datafield tag="500" ind1=" " ind2=" ">
      <subfield code="a">Approximate playing time: 2 hours.</subfield>
    </datafield>
    <datafield tag="511" ind1="0" ind2=" ">
      <subfield code="a">Jacobi, Derek</subfield>
    </datafield>
    <datafield tag="596" ind1=" " ind2=" ">
      <subfield code="a">3</subfield>
    </datafield>
    <datafield tag="700" ind1="1" ind2=" ">
      <subfield code="a">Jacobi, Derek.</subfield>
      <subfield code="e">performer.</subfield>
    </datafield>
    <datafield tag="999" ind1=" " ind2=" ">
      <subfield code="a">CAS 0661 pt.1</subfield>
      <subfield code="w">ALPHANUM</subfield>
      <subfield code="c">1</subfield>
      <subfield code="i">X000897381</subfield>
      <subfield code="d">9/12/1999</subfield>
      <subfield code="e">8/28/1999</subfield>
      <subfield code="l">WITHDRAWN</subfield>
      <subfield code="m">CLEMONS</subfield>
      <subfield code="n">16</subfield>
      <subfield code="q">2</subfield>
      <subfield code="r">Y</subfield>
      <subfield code="s">Y</subfield>
      <subfield code="t">AUDIO-CASS</subfield>
      <subfield code="u">6/28/1996</subfield>
      <subfield code="x">H-NOTIS</subfield>
    </datafield>
    <datafield tag="999" ind1=" " ind2=" ">
      <subfield code="a">CAS 0661 pt.2</subfield>
      <subfield code="w">ALPHANUM</subfield>
      <subfield code="c">1</subfield>
      <subfield code="i">X000897380</subfield>
      <subfield code="d">5/7/2004</subfield>
      <subfield code="e">8/24/1996</subfield>
      <subfield code="l">WITHDRAWN</subfield>
      <subfield code="m">CLEMONS</subfield>
      <subfield code="n">10</subfield>
      <subfield code="q">1</subfield>
      <subfield code="r">Y</subfield>
      <subfield code="s">Y</subfield>
      <subfield code="t">AUDIO-CASS</subfield>
      <subfield code="u">6/28/1996</subfield>
      <subfield code="x">H-NOTIS</subfield>
    </datafield>
  </record>