
  <record>
    <leader>01185cas a22003617a 4500</leader>
    <controlfield tag="001">u984</controlfield>
    <controlfield tag="003">SIRSI</controlfield>
    <controlfield tag="008">840424c19849999nyugr1m       0uuua0eng d</controlfield>
    <datafield tag="010" ind1=" " ind2=" ">
      <subfield code="a">sn 84005286</subfield>
    </datafield>
    <datafield tag="012" ind1=" " ind2=" ">
      <subfield code="l">1</subfield>
    </datafield>
    <datafield tag="022" ind1="0" ind2=" ">
      <subfield code="a">0743-7226</subfield>
    </datafield>
    <datafield tag="035" ind1=" " ind2=" ">
      <subfield code="a">(Sirsi) o10656262</subfield>
    </datafield>
    <datafield tag="035" ind1=" " ind2=" ">
      <subfield code="a">(OCoLC)10656262</subfield>
    </datafield>
    <datafield tag="037" ind1=" " ind2=" ">
      <subfield code="b">AMC Press, Inc., 57 East 13th St., New York, NY 10003</subfield>
    </datafield>
    <datafield tag="040" ind1=" " ind2=" ">
      <subfield code="a">NSD</subfield>
      <subfield code="c">NSD</subfield>
      <subfield code="d">VA@</subfield>
    </datafield>
    <datafield tag="042" ind1=" " ind2=" ">
      <subfield code="a">nsdp</subfield>
    </datafield>
    <datafield tag="049" ind1=" " ind2=" ">
      <subfield code="a">VAS@</subfield>
    </datafield>
    <datafield tag="090" ind1=" " ind2=" ">
      <subfield code="a">PE1001</subfield>
      <subfield code="b">.S95</subfield>
      <subfield code="m">VAS@</subfield>
      <subfield code="q">ALDERMAN</subfield>
    </datafield>
    <datafield tag="210" ind1="0" ind2=" ">
      <subfield code="a">Swiss pap. Eng. lang. lit.</subfield>
    </datafield>
    <datafield tag="222" ind1=" " ind2="0">
      <subfield code="a">Swiss papers in English language and literature</subfield>
    </datafield>
    <datafield tag="245" ind1="0" ind2="0">
      <subfield code="a">Swiss papers in English language and literature :</subfield>
      <subfield code="b">SPELL.</subfield>
    </datafield>
    <datafield tag="246" ind1="2" ind2="0">
      <subfield code="a">S.P.E.L.L.</subfield>
    </datafield>
    <datafield tag="246" ind1="3" ind2="3">
      <subfield code="a">SPELL</subfield>
    </datafield>
    <datafield tag="260" ind1=" " ind2=" ">
      <subfield code="a">Tübingen :</subfield>
      <subfield code="b">Narr,</subfield>
      <subfield code="c">1984-</subfield>
    </datafield>
    <datafield tag="263" ind1=" " ind2=" ">
      <subfield code="a">8412</subfield>
    </datafield>
    <datafield tag="310" ind1=" " ind2=" ">
      <subfield code="a">Biennial</subfield>
    </datafield>
    <datafield tag="500" ind1=" " ind2=" ">
      <subfield code="a">Each vol. has a distinctive title.</subfield>
    </datafield>
    <datafield tag="550" ind1=" " ind2=" ">
      <subfield code="a">Edited by: The Swiss Association of University Teachers of English.</subfield>
    </datafield>
    <datafield tag="596" ind1=" " ind2=" ">
      <subfield code="a">2</subfield>
    </datafield>
    <datafield tag="650" ind1=" " ind2="4">
      <subfield code="a">English language</subfield>
      <subfield code="v">Periodicals.</subfield>
    </datafield>
    <datafield tag="650" ind1=" " ind2="4">
      <subfield code="a">English literature</subfield>
      <subfield code="v">Periodicals</subfield>
    </datafield>
    <datafield tag="710" ind1="2" ind2=" ">
      <subfield code="a">Swiss Association of University Teachers of English.</subfield>
    </datafield>
    <datafield tag="999" ind1=" " ind2=" ">
      <subfield code="a">PE1001 .S95</subfield>
      <subfield code="w">LCPER</subfield>
      <subfield code="c">1</subfield>
      <subfield code="i">984-1001</subfield>
      <subfield code="d">6/28/1996</subfield>
      <subfield code="l">ALD-STKS</subfield>
      <subfield code="m">ALDERMAN</subfield>
      <subfield code="r">Y</subfield>
      <subfield code="s">Y</subfield>
      <subfield code="t">BOOK</subfield>
      <subfield code="u">6/28/1996</subfield>
      <subfield code="x">H-NOTIS</subfield>
    </datafield>
  </record>