
  <record>
    <leader>01524nas a2200337 a 4500</leader>
    <controlfield tag="001">u1589</controlfield>
    <controlfield tag="003">SIRSI</controlfield>
    <controlfield tag="007">hdrafu---buuu</controlfield>
    <controlfield tag="008">840503d17701772nyuuu n a     0uuua0eng d</controlfield>
    <datafield tag="035" ind1=" " ind2=" ">
      <subfield code="a">(Sirsi) o10686761</subfield>
    </datafield>
    <datafield tag="035" ind1=" " ind2=" ">
      <subfield code="a">(OCoLC)10686761</subfield>
    </datafield>
    <datafield tag="040" ind1=" " ind2=" ">
      <subfield code="a">ILU</subfield>
      <subfield code="c">ILU</subfield>
      <subfield code="d">VA@</subfield>
    </datafield>
    <datafield tag="049" ind1=" " ind2=" ">
      <subfield code="a">VAS@</subfield>
    </datafield>
    <datafield tag="090" ind1=" " ind2=" ">
      <subfield code="a">Micfilm</subfield>
      <subfield code="a">N-US</subfield>
      <subfield code="a">Mass-22</subfield>
      <subfield code="m">VAS@</subfield>
      <subfield code="q">ALDERMAN</subfield>
    </datafield>
    <datafield tag="130" ind1="0" ind2=" ">
      <subfield code="a">Massachusetts spy (Boston, Mass.)</subfield>
    </datafield>
    <datafield tag="245" ind1="0" ind2="4">
      <subfield code="a">The Massachusetts spy</subfield>
      <subfield code="h">[microform]</subfield>
    </datafield>
    <datafield tag="260" ind1=" " ind2=" ">
      <subfield code="a">Boston, Mass. :</subfield>
      <subfield code="b">Z. Fowle and I. Thomas,</subfield>
      <subfield code="c">1770-1772.</subfield>
    </datafield>
    <datafield tag="300" ind1=" " ind2=" ">
      <subfield code="a"> v. ;</subfield>
      <subfield code="c">25 cm.</subfield>
    </datafield>
    <datafield tag="310" ind1=" " ind2=" ">
      <subfield code="a">Weekly</subfield>
      <subfield code="b">Mar. 7, 1771-Oct. 1, 1772</subfield>
    </datafield>
    <datafield tag="321" ind1=" " ind2=" ">
      <subfield code="a">Triweekly</subfield>
      <subfield code="b">Aug. 7-Nov. 1, 1770</subfield>
    </datafield>
    <datafield tag="321" ind1=" " ind2=" ">
      <subfield code="a">Semiweekly</subfield>
      <subfield code="b">Nov. 5, 1770-Feb. 1, 1771</subfield>
    </datafield>
    <datafield tag="362" ind1="0" ind2=" ">
      <subfield code="a">Vol. 1, no. 1 (July 17, 1770)-v.2, no. 85 (Oct. 1, 1772).</subfield>
    </datafield>
    <datafield tag="500" ind1=" " ind2=" ">
      <subfield code="a">Imprint varies: July 17, 1770-Oct. 11, 1770, Fowle and Thomas.--Oct. 30, 1770-Apr. 6, l775, I. Thomas.</subfield>
    </datafield>
    <datafield tag="515" ind1=" " ind2=" ">
      <subfield code="a">Suspended Feb. 4-Mar. 7, l771.</subfield>
    </datafield>
    <datafield tag="533" ind1=" " ind2=" ">
      <subfield code="a">Microfilm.</subfield>
      <subfield code="b">New York : Readex Microprint.</subfield>
      <subfield code="e">1 microfilm reel ; 35 mm.</subfield>
      <subfield code="f">(Early American newspapers)</subfield>
    </datafield>
    <datafield tag="596" ind1=" " ind2=" ">
      <subfield code="a">2</subfield>
    </datafield>
    <datafield tag="760" ind1="1" ind2=" ">
      <subfield code="t">Early American newspapers</subfield>
    </datafield>
    <datafield tag="776" ind1="1" ind2=" ">
      <subfield code="t">Massachusetts spy</subfield>
      <subfield code="w">(OCoLC)5026369</subfield>
      <subfield code="g">Vol. 1, no. 1 (July 17, 1770)-v. 5, no. 218 (April 6, 1775)</subfield>
    </datafield>
    <datafield tag="785" ind1="0" ind2="0">
      <subfield code="t">Massachusetts spy, or, Thomas's Boston journal</subfield>
    </datafield>
    <datafield tag="999" ind1=" " ind2=" ">
      <subfield code="a">Micfilm N-US Mass-22</subfield>
      <subfield code="w">ALPHANUM</subfield>
      <subfield code="c">1</subfield>
      <subfield code="i">X004364665</subfield>
      <subfield code="d">12/7/2004</subfield>
      <subfield code="e">4/14/2003</subfield>
      <subfield code="l">AL-MICFORM</subfield>
      <subfield code="m">ALDERMAN</subfield>
      <subfield code="n">4</subfield>
      <subfield code="q">2</subfield>
      <subfield code="r">Y</subfield>
      <subfield code="s">Y</subfield>
      <subfield code="t">MICROFILM</subfield>
      <subfield code="u">6/28/1996</subfield>
      <subfield code="x">H-NOTIS</subfield>
    </datafield>
    <datafield tag="999" ind1=" " ind2=" ">
      <subfield code="a">ZZZZZ.485 Use count</subfield>
      <subfield code="w">ALPHANUM</subfield>
      <subfield code="c">1</subfield>
      <subfield code="i">X004364866</subfield>
      <subfield code="d">1/4/2007</subfield>
      <subfield code="l">AL-MICFORM</subfield>
      <subfield code="m">ALDERMAN</subfield>
      <subfield code="q">22</subfield>
      <subfield code="r">N</subfield>
      <subfield code="s">Y</subfield>
      <subfield code="t">SUPPORT</subfield>
      <subfield code="u">5/23/2000</subfield>
    </datafield>
  </record>