
  <record>
    <leader>01501nem a2200373 a 4500</leader>
    <controlfield tag="001">u1803</controlfield>
    <controlfield tag="003">SIRSI</controlfield>
    <controlfield tag="008">840216s1983    cc     bd a     0   eng  </controlfield>
    <controlfield tag="009">871009871009</controlfield>
    <datafield tag="010" ind1=" " ind2=" ">
      <subfield code="a">   84692607 /MAPS</subfield>
    </datafield>
    <datafield tag="034" ind1="1" ind2=" ">
      <subfield code="a">a</subfield>
      <subfield code="b">5000000</subfield>
      <subfield code="d">E0700000</subfield>
      <subfield code="e">E1600000</subfield>
      <subfield code="f">N0550000</subfield>
      <subfield code="g">N0100000</subfield>
    </datafield>
    <datafield tag="035" ind1=" " ind2=" ">
      <subfield code="a">(Sirsi) o10694920</subfield>
    </datafield>
    <datafield tag="035" ind1=" " ind2=" ">
      <subfield code="a">(OCoLC)10694920</subfield>
    </datafield>
    <datafield tag="035" ind1=" " ind2=" ">
      <subfield code="b">?</subfield>
    </datafield>
    <datafield tag="039" ind1="0" ind2=" ">
      <subfield code="a">2</subfield>
      <subfield code="b">3</subfield>
      <subfield code="c">3</subfield>
      <subfield code="d">3</subfield>
      <subfield code="e">3</subfield>
    </datafield>
    <datafield tag="040" ind1=" " ind2=" ">
      <subfield code="a">DLC</subfield>
      <subfield code="c">DLC</subfield>
      <subfield code="d">VA@</subfield>
    </datafield>
    <datafield tag="049" ind1=" " ind2=" ">
      <subfield code="a">VA@S</subfield>
    </datafield>
    <datafield tag="050" ind1="0" ind2=" ">
      <subfield code="a">G7821.C55 1980</subfield>
      <subfield code="b">.Z4</subfield>
    </datafield>
    <datafield tag="052" ind1=" " ind2=" ">
      <subfield code="a">7821</subfield>
    </datafield>
    <datafield tag="090" ind1=" " ind2=" ">
      <subfield code="a">G7821.C55 1980</subfield>
      <subfield code="b">.Z4</subfield>
      <subfield code="m">VA@S</subfield>
      <subfield code="q">SCI. ENGR.</subfield>
    </datafield>
    <datafield tag="100" ind1="1" ind2=" ">
      <subfield code="a">Zhang, Wenyu.</subfield>
    </datafield>
    <datafield tag="245" ind1="1" ind2="4">
      <subfield code="a">The marine and continental tectonic map of China and its environs /</subfield>
      <subfield code="c">chief compiler, Zhang Wen-you (W.Y. Chang) ; compilers: Institute of Geology, Academia Sinica ... [et al.]</subfield>
    </datafield>
    <datafield tag="255" ind1=" " ind2=" ">
      <subfield code="a">Scale 1:5,000,000 ;</subfield>
      <subfield code="b">Conformal cylindrical proj. (Mercator proj.)</subfield>
      <subfield code="c">E 70⁰--E 160⁰/N 55⁰--N 10⁰).</subfield>
    </datafield>
    <datafield tag="260" ind1=" " ind2=" ">
      <subfield code="a">Beijing, China :</subfield>
      <subfield code="b">Science Press,</subfield>
      <subfield code="c">1983.</subfield>
    </datafield>
    <datafield tag="300" ind1=" " ind2=" ">
      <subfield code="a">1 map on 6 sheets :</subfield>
      <subfield code="b">col. ;</subfield>
      <subfield code="c">153 x 176 cm., folded in envelope 37 x 27 cm.</subfield>
    </datafield>
    <datafield tag="500" ind1=" " ind2=" ">
      <subfield code="a">"The cited geological data are up to the end of 1980."</subfield>
    </datafield>
    <datafield tag="500" ind1=" " ind2=" ">
      <subfield code="a">"Science Press Book No. 13031.2244."</subfield>
    </datafield>
    <datafield tag="596" ind1=" " ind2=" ">
      <subfield code="a">5</subfield>
    </datafield>
    <datafield tag="650" ind1=" " ind2="0">
      <subfield code="a">Geology</subfield>
      <subfield code="z">China</subfield>
      <subfield code="v">Maps.</subfield>
    </datafield>
    <datafield tag="650" ind1=" " ind2="0">
      <subfield code="a">Geology, Structural</subfield>
      <subfield code="v">Maps.</subfield>
    </datafield>
    <datafield tag="650" ind1=" " ind2="0">
      <subfield code="a">Geology</subfield>
      <subfield code="z">Pacific Ocean</subfield>
      <subfield code="v">Maps.</subfield>
    </datafield>
    <datafield tag="710" ind1="2" ind2=" ">
      <subfield code="a">Zhongguo ke xue yuan.</subfield>
      <subfield code="b">Di zhi yan jiu suo.</subfield>
    </datafield>
    <datafield tag="710" ind1="2" ind2=" ">
      <subfield code="a">Ke xue chu ban she.</subfield>
    </datafield>
    <datafield tag="999" ind1=" " ind2=" ">
      <subfield code="a">G7821 .C55 1980 .Z4</subfield>
      <subfield code="w">LC</subfield>
      <subfield code="c">1</subfield>
      <subfield code="i">X001270702</subfield>
      <subfield code="d">6/28/1996</subfield>
      <subfield code="l">SE-OVERSZE</subfield>
      <subfield code="m">SCI-ENG</subfield>
      <subfield code="r">Y</subfield>
      <subfield code="s">Y</subfield>
      <subfield code="t">BOOK</subfield>
      <subfield code="u">6/28/1996</subfield>
      <subfield code="x">H-NOTIS</subfield>
    </datafield>
  </record>