
  <record>
    <leader>01126ndm a2200277 a 4500</leader>
    <controlfield tag="001">u10273</controlfield>
    <controlfield tag="003">SIRSI</controlfield>
    <controlfield tag="008">840723r19751786miuopa         n 1  ita d</controlfield>
    <datafield tag="035" ind1=" " ind2=" ">
      <subfield code="a">(Sirsi) o10974510</subfield>
    </datafield>
    <datafield tag="035" ind1=" " ind2=" ">
      <subfield code="a">(OCoLC)10974510</subfield>
    </datafield>
    <datafield tag="040" ind1=" " ind2=" ">
      <subfield code="a">DLC</subfield>
      <subfield code="c">VA@</subfield>
      <subfield code="d">VA@</subfield>
    </datafield>
    <datafield tag="049" ind1=" " ind2=" ">
      <subfield code="a">VA@$</subfield>
    </datafield>
    <datafield tag="090" ind1=" " ind2=" ">
      <subfield code="a">M1500.P23</subfield>
      <subfield code="b">G37 1975</subfield>
      <subfield code="m">VA@$</subfield>
      <subfield code="q">MUSIC</subfield>
    </datafield>
    <datafield tag="100" ind1="1" ind2=" ">
      <subfield code="a">Paisiello, Giovanni,</subfield>
      <subfield code="d">1740-1816.</subfield>
    </datafield>
    <datafield tag="240" ind1="1" ind2="0">
      <subfield code="a">Gare generose</subfield>
    </datafield>
    <datafield tag="245" ind1="1" ind2="3">
      <subfield code="a">Le gare generose /</subfield>
      <subfield code="c">di Paisiello.</subfield>
    </datafield>
    <datafield tag="260" ind1=" " ind2=" ">
      <subfield code="c">[1786?]</subfield>
    </datafield>
    <datafield tag="300" ind1=" " ind2=" ">
      <subfield code="a">1 ms. score</subfield>
    </datafield>
    <datafield tag="500" ind1=" " ind2=" ">
      <subfield code="a">Libretto by G. Palomba, cf. Lowenberg, Annals of opera.</subfield>
    </datafield>
    <datafield tag="500" ind1=" " ind2=" ">
      <subfield code="a">Reproduced from the original in the Oesterreichische Nationalbiblithek, Wien.</subfield>
    </datafield>
    <datafield tag="533" ind1=" " ind2=" ">
      <subfield code="a">Photocopy.</subfield>
      <subfield code="b">Ann Arbor, Mich. :</subfield>
      <subfield code="c">University Microfilms,</subfield>
      <subfield code="d">[1975?]</subfield>
      <subfield code="e">2 v. ; 25 x 32 cm.</subfield>
    </datafield>
    <datafield tag="596" ind1=" " ind2=" ">
      <subfield code="a">12</subfield>
    </datafield>
    <datafield tag="650" ind1=" " ind2="0">
      <subfield code="a">Operas</subfield>
      <subfield code="v">Scores.</subfield>
    </datafield>
    <datafield tag="700" ind1="1" ind2=" ">
      <subfield code="a">Palomba, Giuseppe,</subfield>
      <subfield code="d">fl. 1769-1825.</subfield>
      <subfield code="t">Gare generose.</subfield>
    </datafield>
    <datafield tag="999" ind1=" " ind2=" ">
      <subfield code="a">M1500 .P23 G37 1975 v.1</subfield>
      <subfield code="w">MONO-SER</subfield>
      <subfield code="c">1</subfield>
      <subfield code="i">X001348680</subfield>
      <subfield code="d">3/24/2003</subfield>
      <subfield code="e">1/23/2003</subfield>
      <subfield code="l">MU-STKS</subfield>
      <subfield code="m">MUSIC</subfield>
      <subfield code="n">2</subfield>
      <subfield code="q">2</subfield>
      <subfield code="r">Y</subfield>
      <subfield code="s">Y</subfield>
      <subfield code="t">BOOK</subfield>
      <subfield code="u">6/28/1996</subfield>
      <subfield code="x">H-NOTIS</subfield>
    </datafield>
    <datafield tag="999" ind1=" " ind2=" ">
      <subfield code="a">M1500 .P23 G37 1975 v.2</subfield>
      <subfield code="w">MONO-SER</subfield>
      <subfield code="c">1</subfield>
      <subfield code="i">X001348681</subfield>
      <subfield code="d">3/24/2003</subfield>
      <subfield code="e">1/23/2003</subfield>
      <subfield code="l">MU-STKS</subfield>
      <subfield code="m">MUSIC</subfield>
      <subfield code="n">2</subfield>
      <subfield code="r">Y</subfield>
      <subfield code="s">Y</subfield>
      <subfield code="t">BOOK</subfield>
      <subfield code="u">6/28/1996</subfield>
      <subfield code="x">H-NOTIS</subfield>
    </datafield>
  </record>