
  <record>
    <leader>02130cjm a2200421M  4500</leader>
    <controlfield tag="001">u10489</controlfield>
    <controlfield tag="003">SIRSI</controlfield>
    <controlfield tag="005">20031211201936.0</controlfield>
    <controlfield tag="007">sd bmmennmplne</controlfield>
    <controlfield tag="008">921209s1965    nyusun              zxx d</controlfield>
    <datafield tag="028" ind1="0" ind2="2">
      <subfield code="a">DL 10,108</subfield>
      <subfield code="b">Decca</subfield>
    </datafield>
    <datafield tag="035" ind1=" " ind2=" ">
      <subfield code="a">(Sirsi) o27332370</subfield>
    </datafield>
    <datafield tag="040" ind1=" " ind2=" ">
      <subfield code="a">COO</subfield>
      <subfield code="c">COO</subfield>
      <subfield code="d">OCL</subfield>
      <subfield code="d">OCLCQ</subfield>
    </datafield>
    <datafield tag="045" ind1="1" ind2=" ">
      <subfield code="b">d1952</subfield>
      <subfield code="b">d1964</subfield>
      <subfield code="b">d1923</subfield>
      <subfield code="b">d1962</subfield>
    </datafield>
    <datafield tag="245" ind1="0" ind2="0">
      <subfield code="a">Sylvia Marlowe, harpsichord.</subfield>
      <subfield code="h">[sound recording].</subfield>
    </datafield>
    <datafield tag="260" ind1=" " ind2=" ">
      <subfield code="a">New York :</subfield>
      <subfield code="b">Decca,</subfield>
      <subfield code="c">[1965].</subfield>
    </datafield>
    <datafield tag="300" ind1=" " ind2=" ">
      <subfield code="a">1 sound disc :</subfield>
      <subfield code="b">33 1/3 rpm, mono. ;</subfield>
      <subfield code="c">12 in.</subfield>
    </datafield>
    <datafield tag="500" ind1=" " ind2=" ">
      <subfield code="a">Program notes by S. Marlowe on slipcase.</subfield>
    </datafield>
    <datafield tag="505" ind1="0" ind2=" ">
      <subfield code="a">Carter, E.  Sonata for flute, oboe, 'cello, and harpsichord (1952)--Rorem, N.  Lovers, a narrative for harpsichord, oboe, 'cello, and percussion (1964) (abridged)--Falla, M. de.  Concerto for harpsichord, flute, oboe, clarinet, violin, &amp; 'cello (1923-26)--Sauguet, H.  Suite royale, for harpsichord solo (1962)</subfield>
    </datafield>
    <datafield tag="511" ind1="0" ind2=" ">
      <subfield code="a">Samuel Baron, flute; Ronald Roseman, oboe; David Glazer, clarinet; Matthew Raimondi, violin; Alexander Kouguell, violoncello; Harold Farberman, percussion; Sylvia Marlowe, harpsichord.</subfield>
    </datafield>
    <datafield tag="596" ind1=" " ind2=" ">
      <subfield code="a">14</subfield>
    </datafield>
    <datafield tag="650" ind1=" " ind2="0">
      <subfield code="a">Quartets (Harpsichord, flute, oboe, violoncello)</subfield>
    </datafield>
    <datafield tag="650" ind1=" " ind2="0">
      <subfield code="a">Suites (Harpsichord, oboe, percussion, violoncello)</subfield>
      <subfield code="v">Excerpts.</subfield>
    </datafield>
    <datafield tag="650" ind1=" " ind2="0">
      <subfield code="a">Sextets (Harpsichord, clarinet, flute, oboe, violin, violoncello)</subfield>
    </datafield>
    <datafield tag="650" ind1=" " ind2="0">
      <subfield code="a">Suites (Harpsichord)</subfield>
    </datafield>
    <datafield tag="700" ind1="1" ind2="2">
      <subfield code="a">Carter, Elliott,</subfield>
      <subfield code="d">1908-</subfield>
      <subfield code="t">Sonatas,</subfield>
      <subfield code="m">harpsichord, woodwinds, violoncello.</subfield>
    </datafield>
    <datafield tag="700" ind1="1" ind2="2">
      <subfield code="a">Rorem, Ned,</subfield>
      <subfield code="d">1923-</subfield>
      <subfield code="t">Lovers.</subfield>
      <subfield code="k">Selections.</subfield>
    </datafield>
    <datafield tag="700" ind1="1" ind2="2">
      <subfield code="a">Falla, Manuel de,</subfield>
      <subfield code="d">1876-1946.</subfield>
      <subfield code="t">Concerto,</subfield>
      <subfield code="m">harpsichord, instrumental ensemble.</subfield>
    </datafield>
    <datafield tag="700" ind1="1" ind2="2">
      <subfield code="a">Sauguet, Henri,</subfield>
      <subfield code="d">1901-1989</subfield>
      <subfield code="t">Suite royale.</subfield>
    </datafield>
    <datafield tag="700" ind1="1" ind2=" ">
      <subfield code="a">Baron, Samuel,</subfield>
      <subfield code="d">1925-1997</subfield>
      <subfield code="e">performer.</subfield>
    </datafield>
    <datafield tag="700" ind1="1" ind2=" ">
      <subfield code="a">Roseman, Ronald.</subfield>
      <subfield code="e">performer.</subfield>
    </datafield>
    <datafield tag="700" ind1="1" ind2=" ">
      <subfield code="a">Glazer, David.</subfield>
      <subfield code="e">performer.</subfield>
    </datafield>
    <datafield tag="700" ind1="1" ind2=" ">
      <subfield code="a">Raimondi, Matthew.</subfield>
      <subfield code="e">performer.</subfield>
    </datafield>
    <datafield tag="700" ind1="1" ind2=" ">
      <subfield code="a">Kouguell, Alexander.</subfield>
    </datafield>
    <datafield tag="700" ind1="1" ind2=" ">
      <subfield code="a">Farberman, Harold,</subfield>
      <subfield code="d">1929-</subfield>
      <subfield code="e">performer.</subfield>
    </datafield>
    <datafield tag="700" ind1="1" ind2=" ">
      <subfield code="a">Marlowe, Sylvia.</subfield>
      <subfield code="e">performer.</subfield>
    </datafield>
    <datafield tag="994" ind1=" " ind2=" ">
      <subfield code="a">Z0</subfield>
      <subfield code="b">VA@</subfield>
    </datafield>
    <datafield tag="999" ind1=" " ind2=" ">
      <subfield code="a">LP 6670</subfield>
      <subfield code="w">ALPHANUM</subfield>
      <subfield code="c">1</subfield>
      <subfield code="i">X001830623</subfield>
      <subfield code="d">6/1/2001</subfield>
      <subfield code="f">6/1/2001</subfield>
      <subfield code="g">1</subfield>
      <subfield code="l">BY-REQUEST</subfield>
      <subfield code="m">IVY</subfield>
      <subfield code="n">3</subfield>
      <subfield code="r">Y</subfield>
      <subfield code="s">Y</subfield>
      <subfield code="t">IVY-LP</subfield>
      <subfield code="u">6/28/1996</subfield>
      <subfield code="x">CONVERSION</subfield>
    </datafield>
  </record>