
  <record>
    <leader>01352com a2200289 a 4500</leader>
    <controlfield tag="001">u18416</controlfield>
    <controlfield tag="003">SIRSI</controlfield>
    <controlfield tag="008">831101s1978    enk---           1bneng d</controlfield>
    <datafield tag="035" ind1=" " ind2=" ">
      <subfield code="a">(Sirsi) o10079545</subfield>
    </datafield>
    <datafield tag="035" ind1=" " ind2=" ">
      <subfield code="a">(OCoLC)10079545</subfield>
    </datafield>
    <datafield tag="035" ind1=" " ind2=" ">
      <subfield code="b">PX944378=@</subfield>
    </datafield>
    <datafield tag="040" ind1=" " ind2=" ">
      <subfield code="a">EUT</subfield>
      <subfield code="c">EUT</subfield>
      <subfield code="d">OCL</subfield>
      <subfield code="d">VA@</subfield>
    </datafield>
    <datafield tag="049" ind1=" " ind2=" ">
      <subfield code="a">VA@@</subfield>
    </datafield>
    <datafield tag="090" ind1=" " ind2=" ">
      <subfield code="a">DA690.L8</subfield>
      <subfield code="b">T68 1978</subfield>
      <subfield code="m">VA@@</subfield>
      <subfield code="q">ALDERMAN</subfield>
    </datafield>
    <datafield tag="245" ind1="0" ind2="2">
      <subfield code="a">A town under siege</subfield>
      <subfield code="h">[kit] :</subfield>
      <subfield code="b">Liverpool in the Civil War 1642-1644 /</subfield>
      <subfield code="c">edited by Joan E. Blyth and Michael Cooke with the Liverpool Teachers Archives Study Group.</subfield>
    </datafield>
    <datafield tag="260" ind1=" " ind2=" ">
      <subfield code="a">Liverpool :</subfield>
      <subfield code="b">LTASG and Liverpool Education Committee,</subfield>
      <subfield code="c">c1978.</subfield>
    </datafield>
    <datafield tag="300" ind1=" " ind2=" ">
      <subfield code="a">1 resource pack :</subfield>
      <subfield code="b">ill.,</subfield>
      <subfield code="c">35 x 24 cm.</subfield>
    </datafield>
    <datafield tag="490" ind1="0" ind2=" ">
      <subfield code="a">Liverpool history teaching unit ;</subfield>
      <subfield code="v">no.3</subfield>
    </datafield>
    <datafield tag="505" ind1="0" ind2=" ">
      <subfield code="a">Teachers' handbook -- Background information --'Bloodwipes and tussles' -- 10 reproductions of letters -- 3 maps of Liverpool -- Glossary and explanatory notes -- Worksheets.</subfield>
    </datafield>
    <datafield tag="596" ind1=" " ind2=" ">
      <subfield code="a">2</subfield>
    </datafield>
    <datafield tag="651" ind1=" " ind2="0">
      <subfield code="a">Liverpool (England)</subfield>
      <subfield code="x">History</subfield>
      <subfield code="x">Study and teaching (Secondary)</subfield>
    </datafield>
    <datafield tag="651" ind1=" " ind2="0">
      <subfield code="a">Great Britain</subfield>
      <subfield code="x">History</subfield>
      <subfield code="y">Civil War, 1642-1649</subfield>
      <subfield code="x">Study and teaching (Secondary)</subfield>
    </datafield>
    <datafield tag="700" ind1="1" ind2=" ">
      <subfield code="a">Blyth, Joan E.</subfield>
    </datafield>
    <datafield tag="700" ind1="1" ind2=" ">
      <subfield code="a">Cooke, Michael.</subfield>
    </datafield>
    <datafield tag="710" ind1="2" ind2=" ">
      <subfield code="a">Liverpool Teachers Archives Study Group.</subfield>
    </datafield>
    <datafield tag="740" ind1="0" ind2=" ">
      <subfield code="a">Liverpool in the Civil War, 1642-1644.</subfield>
    </datafield>
    <datafield tag="999" ind1=" " ind2=" ">
      <subfield code="a">DA690 .L8 T68 1978</subfield>
      <subfield code="w">LC</subfield>
      <subfield code="c">1</subfield>
      <subfield code="i">X000944378</subfield>
      <subfield code="d">6/28/1996</subfield>
      <subfield code="l">ALD-STKS</subfield>
      <subfield code="m">ALDERMAN</subfield>
      <subfield code="r">Y</subfield>
      <subfield code="s">Y</subfield>
      <subfield code="t">BOOK</subfield>
      <subfield code="u">6/28/1996</subfield>
      <subfield code="x">H-NOTIS</subfield>
    </datafield>
  </record>