
  <record>
    <leader>01951ngm a2200385Ia 4500</leader>
    <controlfield tag="001">u20318</controlfield>
    <controlfield tag="003">SIRSI</controlfield>
    <controlfield tag="005">20000106120434.0</controlfield>
    <controlfield tag="007">vf cbaho-</controlfield>
    <controlfield tag="008">850923q19801985ilu072ue         1vleng d</controlfield>
    <datafield tag="020" ind1=" " ind2=" ">
      <subfield code="c">For sale ($79.00)</subfield>
    </datafield>
    <datafield tag="035" ind1=" " ind2=" ">
      <subfield code="a">(Sirsi) o12588481</subfield>
    </datafield>
    <datafield tag="040" ind1=" " ind2=" ">
      <subfield code="a">UUM</subfield>
      <subfield code="c">UUM</subfield>
      <subfield code="d">IBI</subfield>
    </datafield>
    <datafield tag="043" ind1=" " ind2=" ">
      <subfield code="a">f------</subfield>
    </datafield>
    <datafield tag="090" ind1=" " ind2=" ">
      <subfield code="a">DT764.B8</subfield>
      <subfield code="b">H75 1980z</subfield>
    </datafield>
    <datafield tag="092" ind1=" " ind2=" ">
      <subfield code="a">968</subfield>
    </datafield>
    <datafield tag="245" ind1="0" ind2="4">
      <subfield code="a">The Hunters</subfield>
      <subfield code="h">[videorecording] /</subfield>
      <subfield code="c">produced by the Film Study Center of the Peabody Museum of Harvard University ; written and directed by John Marshall.</subfield>
    </datafield>
    <datafield tag="260" ind1=" " ind2=" ">
      <subfield code="a">Skokie, Ill. :</subfield>
      <subfield code="b">Films Inc.,</subfield>
      <subfield code="c">[198-?]</subfield>
    </datafield>
    <datafield tag="300" ind1=" " ind2=" ">
      <subfield code="a">1 videocassette (72 min.) :</subfield>
      <subfield code="b">sd., col. ;</subfield>
      <subfield code="c">1/2 in.</subfield>
    </datafield>
    <datafield tag="500" ind1=" " ind2=" ">
      <subfield code="a">Videocassette release of a 1958 production.</subfield>
    </datafield>
    <datafield tag="500" ind1=" " ind2=" ">
      <subfield code="a">"Photographed on a Peabody Museum, Harvard, Smithsonian expedition to the Kalahari Desert of South West Africa, led by Laurence Marshall."</subfield>
    </datafield>
    <datafield tag="508" ind1=" " ind2=" ">
      <subfield code="a">Director/writer, John Marshall ; photographer, John Marshall ; edited by John Marshall with the assistance of John Gardner ; ethnographer, Lorna Marshall ; narrator, John Marshall.</subfield>
    </datafield>
    <datafield tag="520" ind1=" " ind2=" ">
      <subfield code="a">Four Kalahari Bushmen undertake a 13-day trek to obtain meat for their village. This hunt becomes part of the village folklore, illustrating the ancient roots and continual renewal of African tribal culture.</subfield>
    </datafield>
    <datafield tag="521" ind1=" " ind2=" ">
      <subfield code="a">High school students through adults.</subfield>
    </datafield>
    <datafield tag="530" ind1=" " ind2=" ">
      <subfield code="a">Issued also as Beta 1/2 in.</subfield>
    </datafield>
    <datafield tag="538" ind1=" " ind2=" ">
      <subfield code="a">VHS format [NTSC]</subfield>
    </datafield>
    <datafield tag="596" ind1=" " ind2=" ">
      <subfield code="a">20</subfield>
    </datafield>
    <datafield tag="650" ind1=" " ind2="0">
      <subfield code="a">!Kung (African people)</subfield>
    </datafield>
    <datafield tag="650" ind1=" " ind2="0">
      <subfield code="a">Hunting</subfield>
      <subfield code="z">Africa</subfield>
      <subfield code="z">Kalihari Desert.</subfield>
    </datafield>
    <datafield tag="655" ind1=" " ind2="0">
      <subfield code="a">Documentary films.</subfield>
    </datafield>
    <datafield tag="710" ind1="2" ind2=" ">
      <subfield code="a">Harvard University.</subfield>
      <subfield code="b">Film Study Center.</subfield>
    </datafield>
    <datafield tag="710" ind1="2" ind2=" ">
      <subfield code="a">Films Incorporated.</subfield>
    </datafield>
    <datafield tag="994" ind1=" " ind2=" ">
      <subfield code="a">Z0</subfield>
      <subfield code="b">VA@</subfield>
    </datafield>
    <datafield tag="999" ind1=" " ind2=" ">
      <subfield code="a">VIDEO .VHS0473 1980</subfield>
      <subfield code="w">ALPHANUM</subfield>
      <subfield code="c">1</subfield>
      <subfield code="i">X000893727</subfield>
      <subfield code="d">8/19/2002</subfield>
      <subfield code="e">8/16/2002</subfield>
      <subfield code="l">VAULT</subfield>
      <subfield code="m">MEDIA-CTR</subfield>
      <subfield code="n">110</subfield>
      <subfield code="q">15</subfield>
      <subfield code="r">Y</subfield>
      <subfield code="s">Y</subfield>
      <subfield code="t">VIDEO-CASS</subfield>
      <subfield code="u">6/28/1996</subfield>
      <subfield code="x">H-NOTIS</subfield>
    </datafield>
    <datafield tag="999" ind1=" " ind2=" ">
      <subfield code="a">VIDEO .VHS0473 1980</subfield>
      <subfield code="w">ALPHANUM</subfield>
      <subfield code="c">2</subfield>
      <subfield code="i">X001036603</subfield>
      <subfield code="d">4/14/2003</subfield>
      <subfield code="e">4/1/2003</subfield>
      <subfield code="l">WITHDRAWN</subfield>
      <subfield code="m">MEDIA-CTR</subfield>
      <subfield code="n">3</subfield>
      <subfield code="r">Y</subfield>
      <subfield code="s">Y</subfield>
      <subfield code="t">VIDEO-CASS</subfield>
      <subfield code="u">6/28/1996</subfield>
      <subfield code="x">H-NOTIS</subfield>
    </datafield>
  </record>