
  <record>
    <leader>01206ngm a22003135a 4500</leader>
    <controlfield tag="001">u36364</controlfield>
    <controlfield tag="003">SIRSI</controlfield>
    <controlfield tag="007">vf-cnaho?</controlfield>
    <controlfield tag="008">840419r19771983cau105           0mlfre d</controlfield>
    <datafield tag="035" ind1=" " ind2=" ">
      <subfield code="a">(Sirsi) o10645626</subfield>
    </datafield>
    <datafield tag="035" ind1=" " ind2=" ">
      <subfield code="a">(OCoLC)10645626</subfield>
    </datafield>
    <datafield tag="035" ind1=" " ind2=" ">
      <subfield code="b">DX897489=U</subfield>
    </datafield>
    <datafield tag="040" ind1=" " ind2=" ">
      <subfield code="a">YHM</subfield>
      <subfield code="c">YHM</subfield>
      <subfield code="d">VA@</subfield>
    </datafield>
    <datafield tag="041" ind1=" " ind2=" ">
      <subfield code="a">fre</subfield>
      <subfield code="b">eng</subfield>
    </datafield>
    <datafield tag="049" ind1=" " ind2=" ">
      <subfield code="a">VA@U</subfield>
    </datafield>
    <datafield tag="090" ind1=" " ind2=" ">
      <subfield code="a">PN1997</subfield>
      <subfield code="b">.U55 1977r</subfield>
      <subfield code="m">VA@U</subfield>
      <subfield code="q">CLEMONS</subfield>
    </datafield>
    <datafield tag="245" ind1="0" ind2="0">
      <subfield code="a">One sings, the other doesn't</subfield>
      <subfield code="h">[videorecording] /</subfield>
      <subfield code="c">produced by Cine-Tamaris.</subfield>
    </datafield>
    <datafield tag="260" ind1=" " ind2=" ">
      <subfield code="a">Burbank, CA :</subfield>
      <subfield code="b">RCA/Columbia Pictures Home Video,</subfield>
      <subfield code="c">c1983.</subfield>
    </datafield>
    <datafield tag="300" ind1=" " ind2=" ">
      <subfield code="a">1 videocassette (105 min.) :</subfield>
      <subfield code="b">sd., col ;</subfield>
      <subfield code="c">1/2 in.</subfield>
    </datafield>
    <datafield tag="500" ind1=" " ind2=" ">
      <subfield code="a">VHS format [NTSC]</subfield>
    </datafield>
    <datafield tag="500" ind1=" " ind2=" ">
      <subfield code="a">Originally released 1977.</subfield>
    </datafield>
    <datafield tag="500" ind1=" " ind2=" ">
      <subfield code="a">French sound track, English subtitles.</subfield>
    </datafield>
    <datafield tag="508" ind1=" " ind2=" ">
      <subfield code="a">Written and directed by Agnès Varda.</subfield>
    </datafield>
    <datafield tag="511" ind1="1" ind2=" ">
      <subfield code="a">Valérie Mairesse, Thérèse Liotard.</subfield>
    </datafield>
    <datafield tag="520" ind1=" " ind2=" ">
      <subfield code="a">Follows the friendship of two young women over a period of 14 years as each seeks to control her destiny and find contentment.</subfield>
    </datafield>
    <datafield tag="596" ind1=" " ind2=" ">
      <subfield code="a">20</subfield>
    </datafield>
    <datafield tag="700" ind1="1" ind2=" ">
      <subfield code="a">Varda, Agnès,</subfield>
      <subfield code="d">1928-</subfield>
    </datafield>
    <datafield tag="740" ind1="2" ind2=" ">
      <subfield code="a">L'Une chante, l'autre pas</subfield>
    </datafield>
    <datafield tag="999" ind1=" " ind2=" ">
      <subfield code="a">VIDEO .VHS0684</subfield>
      <subfield code="w">ALPHANUM</subfield>
      <subfield code="c">1</subfield>
      <subfield code="i">X001137702</subfield>
      <subfield code="d">7/3/2008</subfield>
      <subfield code="e">6/26/2008</subfield>
      <subfield code="l">VAULT</subfield>
      <subfield code="m">MEDIA-CTR</subfield>
      <subfield code="n">26</subfield>
      <subfield code="r">Y</subfield>
      <subfield code="s">Y</subfield>
      <subfield code="t">VIDEO-CASS</subfield>
      <subfield code="u">6/28/1996</subfield>
      <subfield code="x">H-NOTIS</subfield>
    </datafield>
  </record>