
  <record>
    <leader>01296nam a2200325Ia 4500</leader>
    <controlfield tag="001">u41650</controlfield>
    <controlfield tag="003">SIRSI</controlfield>
    <controlfield tag="005">20091212094252.0</controlfield>
    <controlfield tag="007">hd afb---bucu</controlfield>
    <controlfield tag="008">850311s1984    mdu     a     000 0 eng d</controlfield>
    <datafield tag="020" ind1=" " ind2=" ">
      <subfield code="a">0890937095</subfield>
    </datafield>
    <datafield tag="020" ind1=" " ind2=" ">
      <subfield code="a">9780890937099</subfield>
    </datafield>
    <datafield tag="035" ind1=" " ind2=" ">
      <subfield code="a">(OCoLC)11791841</subfield>
    </datafield>
    <datafield tag="035" ind1=" " ind2=" ">
      <subfield code="a">(Sirsi)o11791841</subfield>
    </datafield>
    <datafield tag="035" ind1=" " ind2=" ">
      <subfield code="a">(Notis) AAE2550</subfield>
    </datafield>
    <datafield tag="040" ind1=" " ind2=" ">
      <subfield code="a">CWU</subfield>
      <subfield code="c">CWU</subfield>
      <subfield code="d">BOS</subfield>
      <subfield code="d">OCL</subfield>
      <subfield code="d">OCLCQ</subfield>
    </datafield>
    <datafield tag="043" ind1=" " ind2=" ">
      <subfield code="a">e-ur---</subfield>
    </datafield>
    <datafield tag="050" ind1=" " ind2="4">
      <subfield code="a">DK266.A3</subfield>
      <subfield code="b">C65 1984</subfield>
    </datafield>
    <datafield tag="245" ind1="0" ind2="0">
      <subfield code="a">Confidential U.S. State Department central files</subfield>
      <subfield code="h">[microform] :</subfield>
      <subfield code="b">the Soviet Union foreign affairs, 1945-1949 /</subfield>
      <subfield code="c">editor, Paul Kesaris.</subfield>
    </datafield>
    <datafield tag="260" ind1=" " ind2=" ">
      <subfield code="a">Frederick, Md. :</subfield>
      <subfield code="b">University Publications of America,</subfield>
      <subfield code="c">1984.</subfield>
    </datafield>
    <datafield tag="300" ind1=" " ind2=" ">
      <subfield code="a">10 microfilm reels ;</subfield>
      <subfield code="c">35 cm.</subfield>
    </datafield>
    <datafield tag="500" ind1=" " ind2=" ">
      <subfield code="a">Indexed by A guide to confidential U.S. State Department central files : the Soviet Union foreign affairs, 1945-1949 / compiled by Robert Lester.</subfield>
    </datafield>
    <datafield tag="596" ind1=" " ind2=" ">
      <subfield code="a">14</subfield>
    </datafield>
    <datafield tag="651" ind1=" " ind2="0">
      <subfield code="a">Soviet Union</subfield>
      <subfield code="x">Foreign relations</subfield>
      <subfield code="y">1945-1991</subfield>
      <subfield code="v">Sources.</subfield>
    </datafield>
    <datafield tag="651" ind1=" " ind2="0">
      <subfield code="a">Soviet Union</subfield>
      <subfield code="x">Politics and government</subfield>
      <subfield code="y">1945-</subfield>
      <subfield code="v">Sources.</subfield>
    </datafield>
    <datafield tag="700" ind1="1" ind2=" ">
      <subfield code="a">Kesaris, Paul.</subfield>
    </datafield>
    <datafield tag="710" ind1="1" ind2=" ">
      <subfield code="a">United States.</subfield>
      <subfield code="b">Dept. of State.</subfield>
    </datafield>
    <datafield tag="740" ind1="0" ind2="1">
      <subfield code="a">Soviet Union foreign affairs, 1945-1949.</subfield>
    </datafield>
    <datafield tag="994" ind1=" " ind2=" ">
      <subfield code="a">Z0</subfield>
      <subfield code="b">VA@</subfield>
    </datafield>
    <datafield tag="999" ind1=" " ind2=" ">
      <subfield code="a">Micfilm 1573</subfield>
      <subfield code="w">ALPHANUM</subfield>
      <subfield code="c">1</subfield>
      <subfield code="i">41650-2001</subfield>
      <subfield code="d">6/28/1996</subfield>
      <subfield code="l">IVYANNEX</subfield>
      <subfield code="m">IVY</subfield>
      <subfield code="r">Y</subfield>
      <subfield code="s">Y</subfield>
      <subfield code="t">MICROFILM</subfield>
      <subfield code="u">6/28/1996</subfield>
      <subfield code="x">H-NOTIS</subfield>
    </datafield>
  </record>