
  <record>
    <leader>00999naa a2200265   4500</leader>
    <controlfield tag="001">u44376</controlfield>
    <controlfield tag="003">SIRSI</controlfield>
    <controlfield tag="008">850411c1959    nyuc     b    00000bengm </controlfield>
    <datafield tag="010" ind1=" " ind2=" ">
      <subfield code="a">   61000020</subfield>
    </datafield>
    <datafield tag="035" ind1=" " ind2=" ">
      <subfield code="a">(Sirsi) o11908833</subfield>
    </datafield>
    <datafield tag="035" ind1=" " ind2=" ">
      <subfield code="a">(OCoLC)11908833</subfield>
    </datafield>
    <datafield tag="040" ind1=" " ind2=" ">
      <subfield code="a">DLC</subfield>
      <subfield code="c">RRR</subfield>
      <subfield code="d">RRR</subfield>
      <subfield code="d">VA@</subfield>
    </datafield>
    <datafield tag="049" ind1=" " ind2=" ">
      <subfield code="a">VA@C</subfield>
    </datafield>
    <datafield tag="050" ind1="0" ind2=" ">
      <subfield code="a">Q141</subfield>
      <subfield code="b">.N2 vol.33, 15th memior</subfield>
    </datafield>
    <datafield tag="090" ind1=" " ind2=" ">
      <subfield code="a">QD22.S56</subfield>
      <subfield code="b">M6 1959</subfield>
      <subfield code="m">VA@C</subfield>
      <subfield code="q">CHEMISTRY</subfield>
    </datafield>
    <datafield tag="100" ind1="1" ind2=" ">
      <subfield code="a">Mosettig, Erich,</subfield>
      <subfield code="d">1898-</subfield>
    </datafield>
    <datafield tag="245" ind1="0" ind2="0">
      <subfield code="a">Lyndon Frederick Small, August 16, 1897-June 15, 1957.</subfield>
    </datafield>
    <datafield tag="260" ind1=" " ind2=" ">
      <subfield code="c">c1959.</subfield>
    </datafield>
    <datafield tag="300" ind1=" " ind2=" ">
      <subfield code="a">p. [397]-413.</subfield>
      <subfield code="b">port.</subfield>
      <subfield code="c">24 cm.</subfield>
    </datafield>
    <datafield tag="490" ind1="1" ind2=" ">
      <subfield code="a">National Academy of Sciences (U.S.)  Biographical memoirs,  v. 33, 15th memoir    1n</subfield>
    </datafield>
    <datafield tag="504" ind1=" " ind2=" ">
      <subfield code="a">Bibliography: p. 408-412. "Patents": p. 413.</subfield>
    </datafield>
    <datafield tag="596" ind1=" " ind2=" ">
      <subfield code="a">14</subfield>
    </datafield>
    <datafield tag="600" ind1="1" ind2="0">
      <subfield code="a">Small, Lyndon Frederick,</subfield>
      <subfield code="d">1897-1957.</subfield>
    </datafield>
    <datafield tag="830" ind1=" " ind2="0">
      <subfield code="a">Biographical memoirs (National Academy of Sciences (U.S.) ;</subfield>
      <subfield code="v">v. 33, 15th memoir.</subfield>
    </datafield>
    <datafield tag="999" ind1=" " ind2=" ">
      <subfield code="a">QD22 .S56 M6 1959</subfield>
      <subfield code="w">LC</subfield>
      <subfield code="c">1</subfield>
      <subfield code="i">X001384741</subfield>
      <subfield code="d">11/6/2008</subfield>
      <subfield code="e">6/18/2008</subfield>
      <subfield code="l">IVYANNEX</subfield>
      <subfield code="m">IVY</subfield>
      <subfield code="r">Y</subfield>
      <subfield code="s">Y</subfield>
      <subfield code="t">IVY-BOOK</subfield>
      <subfield code="u">6/28/1996</subfield>
      <subfield code="x">H-NOTIS</subfield>
    </datafield>
  </record>