
  <record>
    <leader>01062cac a2200289 a 4500</leader>
    <controlfield tag="001">u52110</controlfield>
    <controlfield tag="003">SIRSI</controlfield>
    <controlfield tag="007">he-afb---buuu</controlfield>
    <controlfield tag="008">840920s1984    scu     b           eng d</controlfield>
    <datafield tag="035" ind1=" " ind2=" ">
      <subfield code="a">(Sirsi) o11177610</subfield>
    </datafield>
    <datafield tag="035" ind1=" " ind2=" ">
      <subfield code="a">(OCoLC)11177610</subfield>
    </datafield>
    <datafield tag="035" ind1=" " ind2=" ">
      <subfield code="a">110-391X</subfield>
    </datafield>
    <datafield tag="040" ind1=" " ind2=" ">
      <subfield code="a">RRR</subfield>
      <subfield code="c">RRR</subfield>
      <subfield code="d">XBM</subfield>
      <subfield code="d">OCL</subfield>
      <subfield code="d">VA@</subfield>
    </datafield>
    <datafield tag="049" ind1=" " ind2=" ">
      <subfield code="a">VA@@</subfield>
    </datafield>
    <datafield tag="090" ind1=" " ind2=" ">
      <subfield code="a">Micfich</subfield>
      <subfield code="a">1446</subfield>
      <subfield code="m">VA@@</subfield>
      <subfield code="q">ALDERMAN</subfield>
    </datafield>
    <datafield tag="100" ind1="1" ind2=" ">
      <subfield code="a">Allston, Robert F. W.</subfield>
      <subfield code="q">(Robert Francis Withers),</subfield>
      <subfield code="d">1801-1864.</subfield>
    </datafield>
    <datafield tag="245" ind1="1" ind2="0">
      <subfield code="a">Robert F.W. Allston papers</subfield>
      <subfield code="h">[microform]</subfield>
    </datafield>
    <datafield tag="260" ind1=" " ind2=" ">
      <subfield code="a">[Spartanburg, S.C. :</subfield>
      <subfield code="b">The Reprint Co.,</subfield>
      <subfield code="c">1984?]</subfield>
    </datafield>
    <datafield tag="300" ind1=" " ind2=" ">
      <subfield code="a">456 microfiches ;</subfield>
      <subfield code="c">11 x 15 cm.</subfield>
    </datafield>
    <datafield tag="500" ind1=" " ind2=" ">
      <subfield code="a">On fiche heading: SCHS, 12 (1-23)</subfield>
    </datafield>
    <datafield tag="500" ind1=" " ind2=" ">
      <subfield code="a">Includes shelflist, index, and calendar.</subfield>
    </datafield>
    <datafield tag="596" ind1=" " ind2=" ">
      <subfield code="a">2</subfield>
    </datafield>
    <datafield tag="600" ind1="1" ind2="0">
      <subfield code="a">Allston, Robert F. W.</subfield>
      <subfield code="q">(Robert Francis Withers),</subfield>
      <subfield code="d">1801-1864</subfield>
      <subfield code="v">Archives.</subfield>
    </datafield>
    <datafield tag="600" ind1="3" ind2="0">
      <subfield code="a">Alston family</subfield>
      <subfield code="v">Archives.</subfield>
    </datafield>
    <datafield tag="651" ind1=" " ind2="0">
      <subfield code="a">South Carolina</subfield>
      <subfield code="x">History</subfield>
      <subfield code="v">Sources.</subfield>
    </datafield>
    <datafield tag="710" ind1="2" ind2=" ">
      <subfield code="a">South Carolina Historical Society.</subfield>
    </datafield>
    <datafield tag="999" ind1=" " ind2=" ">
      <subfield code="a">Micfich 1446</subfield>
      <subfield code="w">ALPHANUM</subfield>
      <subfield code="c">1</subfield>
      <subfield code="i">52110-1001</subfield>
      <subfield code="d">6/28/1996</subfield>
      <subfield code="l">AL-MICFORM</subfield>
      <subfield code="m">ALDERMAN</subfield>
      <subfield code="r">N</subfield>
      <subfield code="s">Y</subfield>
      <subfield code="t">MICROFICHE</subfield>
      <subfield code="u">6/28/1996</subfield>
      <subfield code="x">H-NOTIS</subfield>
    </datafield>
  </record>