
  <record>
    <leader>00841ngm a2200253 a 4500</leader>
    <controlfield tag="001">u57028</controlfield>
    <controlfield tag="003">SIRSI</controlfield>
    <controlfield tag="007">vfrcnahr</controlfield>
    <controlfield tag="008">841018s1984    enk090u          0oleng d</controlfield>
    <controlfield tag="009">871009871009</controlfield>
    <datafield tag="020" ind1=" " ind2=" ">
      <subfield code="a">0946621004</subfield>
    </datafield>
    <datafield tag="035" ind1=" " ind2=" ">
      <subfield code="a">(Sirsi) o11279045</subfield>
    </datafield>
    <datafield tag="035" ind1=" " ind2=" ">
      <subfield code="a">(OCoLC)11279045</subfield>
    </datafield>
    <datafield tag="035" ind1=" " ind2=" ">
      <subfield code="b">YX851975=U</subfield>
    </datafield>
    <datafield tag="040" ind1=" " ind2=" ">
      <subfield code="a">DGU</subfield>
      <subfield code="c">DGU</subfield>
      <subfield code="d">VA@</subfield>
    </datafield>
    <datafield tag="049" ind1=" " ind2=" ">
      <subfield code="a">VA@U</subfield>
    </datafield>
    <datafield tag="245" ind1="0" ind2="0">
      <subfield code="a">Islam, a pictorial essay in four parts</subfield>
      <subfield code="h">[videorecording] /</subfield>
      <subfield code="c">produced by the Islamic Texts Society.</subfield>
    </datafield>
    <datafield tag="260" ind1=" " ind2=" ">
      <subfield code="a">Cambridge, [Cambridgeshire] :</subfield>
      <subfield code="b">The Society</subfield>
      <subfield code="c">[1984?]</subfield>
    </datafield>
    <datafield tag="300" ind1=" " ind2=" ">
      <subfield code="a">1 videocassette (ca. 90 min.) :</subfield>
      <subfield code="b">sd., col. ;</subfield>
      <subfield code="c">¹/₂ in.</subfield>
    </datafield>
    <datafield tag="500" ind1=" " ind2=" ">
      <subfield code="a">VHS.</subfield>
    </datafield>
    <datafield tag="596" ind1=" " ind2=" ">
      <subfield code="a">20</subfield>
    </datafield>
    <datafield tag="650" ind1=" " ind2="0">
      <subfield code="a">Islam.</subfield>
    </datafield>
    <datafield tag="710" ind1="2" ind2=" ">
      <subfield code="a">Islamic Texts Society.</subfield>
    </datafield>
    <datafield tag="999" ind1=" " ind2=" ">
      <subfield code="a">VIDEO .VHS0017</subfield>
      <subfield code="w">ALPHANUM</subfield>
      <subfield code="c">1</subfield>
      <subfield code="i">X000851975</subfield>
      <subfield code="d">9/21/2008</subfield>
      <subfield code="e">9/21/2008</subfield>
      <subfield code="l">VAULT</subfield>
      <subfield code="m">MEDIA-CTR</subfield>
      <subfield code="n">125</subfield>
      <subfield code="q">12</subfield>
      <subfield code="r">Y</subfield>
      <subfield code="s">Y</subfield>
      <subfield code="t">VIDEO-CASS</subfield>
      <subfield code="u">6/28/1996</subfield>
      <subfield code="x">H-NOTIS</subfield>
    </datafield>
  </record>