
  <record>
    <leader>01168cam a2200265 a 4500</leader>
    <controlfield tag="001">u466759</controlfield>
    <controlfield tag="003">SIRSI</controlfield>
    <controlfield tag="007">he bmy---bucu</controlfield>
    <controlfield tag="008">750429s1865    fr      a     000 0 fre d</controlfield>
    <datafield tag="035" ind1=" " ind2=" ">
      <subfield code="a">(Sirsi) o01303249</subfield>
    </datafield>
    <datafield tag="035" ind1=" " ind2=" ">
      <subfield code="a">(OCoLC)01303249</subfield>
    </datafield>
    <datafield tag="040" ind1=" " ind2=" ">
      <subfield code="c">CIN</subfield>
      <subfield code="d">VA@</subfield>
    </datafield>
    <datafield tag="049" ind1=" " ind2=" ">
      <subfield code="a">VA@@</subfield>
    </datafield>
    <datafield tag="090" ind1=" " ind2=" ">
      <subfield code="a">257</subfield>
      <subfield code="m">VA@2</subfield>
      <subfield code="q">MICROFICHE</subfield>
    </datafield>
    <datafield tag="100" ind1="1" ind2=" ">
      <subfield code="a">Audiganne, A.</subfield>
      <subfield code="q">(Armand),</subfield>
      <subfield code="d">1814-1875.</subfield>
    </datafield>
    <datafield tag="245" ind1="1" ind2="4">
      <subfield code="a">Les ouvriers d'a présent</subfield>
      <subfield code="h">[microform] :</subfield>
      <subfield code="b">la nouvelle économie du travail,      l'industrie contemporaine et les nouvelles questions concernant le travail et les ouvriers.../</subfield>
      <subfield code="c">par A. Audiganne.</subfield>
    </datafield>
    <datafield tag="260" ind1=" " ind2=" ">
      <subfield code="a">Paris,</subfield>
      <subfield code="b">E. Lacroix,</subfield>
      <subfield code="c">1865.</subfield>
    </datafield>
    <datafield tag="300" ind1=" " ind2=" ">
      <subfield code="a">xii, 464 p.</subfield>
    </datafield>
    <datafield tag="533" ind1=" " ind2=" ">
      <subfield code="a">Microfiche.</subfield>
      <subfield code="b">[Paris] :</subfield>
      <subfield code="c">Microéditions Hachette,</subfield>
      <subfield code="d">1971.</subfield>
      <subfield code="e">8 microfiches : negative ; 11 x 15 cm.</subfield>
      <subfield code="f">(La Condition ouvrière en France au 19e siècle ;</subfield>
      <subfield code="v">[257])</subfield>
    </datafield>
    <datafield tag="596" ind1=" " ind2=" ">
      <subfield code="a">2</subfield>
    </datafield>
    <datafield tag="650" ind1=" " ind2="0">
      <subfield code="a">Labor</subfield>
      <subfield code="z">France</subfield>
      <subfield code="y">19th century.</subfield>
    </datafield>
    <datafield tag="650" ind1=" " ind2="0">
      <subfield code="a">Working class</subfield>
      <subfield code="z">France</subfield>
      <subfield code="y">19th century.</subfield>
    </datafield>
    <datafield tag="650" ind1=" " ind2="0">
      <subfield code="a">Labor movement</subfield>
      <subfield code="z">France</subfield>
      <subfield code="y">19th century.</subfield>
    </datafield>
    <datafield tag="830" ind1=" " ind2="0">
      <subfield code="a">Condition ouvrière en France au 19e siècle ;</subfield>
      <subfield code="v">[257].</subfield>
    </datafield>
    <datafield tag="999" ind1=" " ind2=" ">
      <subfield code="a">Micfich 257</subfield>
      <subfield code="w">ALPHANUM</subfield>
      <subfield code="c">1</subfield>
      <subfield code="i">466759-1001</subfield>
      <subfield code="d">6/1/1999</subfield>
      <subfield code="l">AL-MICFORM</subfield>
      <subfield code="m">ALDERMAN</subfield>
      <subfield code="r">N</subfield>
      <subfield code="s">Y</subfield>
      <subfield code="t">MICROFICHE</subfield>
      <subfield code="u">6/29/1996</subfield>
      <subfield code="x">CONVERSION</subfield>
    </datafield>
  </record>