
  <record>
    <leader>08572cas a2201033   4500</leader>
    <controlfield tag="001">u472805</controlfield>
    <controlfield tag="003">SIRSI</controlfield>
    <controlfield tag="006">s                 </controlfield>
    <controlfield tag="008">750603d19732002ctumx1p       0uuua0eng d</controlfield>
    <datafield tag="010" ind1=" " ind2=" ">
      <subfield code="a">sc 77001040</subfield>
    </datafield>
    <datafield tag="012" ind1=" " ind2=" ">
      <subfield code="a">2</subfield>
      <subfield code="b">1</subfield>
    </datafield>
    <datafield tag="022" ind1=" " ind2=" ">
      <subfield code="a">0149-8452</subfield>
    </datafield>
    <datafield tag="035" ind1=" " ind2=" ">
      <subfield code="a">(Sirsi) a472805</subfield>
    </datafield>
    <datafield tag="035" ind1=" " ind2=" ">
      <subfield code="a">DL(OCoLC)01370503</subfield>
    </datafield>
    <datafield tag="035" ind1=" " ind2=" ">
      <subfield code="a">sf15620000</subfield>
      <subfield code="a">137265A</subfield>
      <subfield code="b">MULS</subfield>
    </datafield>
    <datafield tag="040" ind1=" " ind2=" ">
      <subfield code="a">FUL</subfield>
      <subfield code="c">FUL</subfield>
      <subfield code="d">COO</subfield>
      <subfield code="d">MUL</subfield>
      <subfield code="d">DLC</subfield>
      <subfield code="d">NSD</subfield>
      <subfield code="d">DLC</subfield>
      <subfield code="d">OCL</subfield>
      <subfield code="d">VA@</subfield>
    </datafield>
    <datafield tag="042" ind1=" " ind2=" ">
      <subfield code="a">lc</subfield>
      <subfield code="a">nsdp</subfield>
    </datafield>
    <datafield tag="043" ind1=" " ind2=" ">
      <subfield code="a">n-us---</subfield>
    </datafield>
    <datafield tag="049" ind1=" " ind2=" ">
      <subfield code="a">VAS&amp;</subfield>
    </datafield>
    <datafield tag="090" ind1=" " ind2=" ">
      <subfield code="a">HF5601</subfield>
      <subfield code="b">.F5b</subfield>
      <subfield code="m">VAS&amp;</subfield>
      <subfield code="q">GRAD BUS.</subfield>
    </datafield>
    <datafield tag="090" ind1=" " ind2=" ">
      <subfield code="a">HF5601</subfield>
      <subfield code="b">.F5b</subfield>
      <subfield code="m">VASZ</subfield>
      <subfield code="q">COMMERCE</subfield>
    </datafield>
    <datafield tag="110" ind1="2" ind2=" ">
      <subfield code="a">Financial Accounting Standards Board.</subfield>
    </datafield>
    <datafield tag="222" ind1=" " ind2="0">
      <subfield code="a">Status report - Financial Accounting Standards Board</subfield>
    </datafield>
    <datafield tag="245" ind1="0" ind2="0">
      <subfield code="a">Status report - Financial Accounting Standards Board.</subfield>
    </datafield>
    <datafield tag="260" ind1=" " ind2=" ">
      <subfield code="a">Stamford, Conn.,</subfield>
      <subfield code="b">Financial Accounting Standards Board,</subfield>
      <subfield code="c">1973-2002.</subfield>
    </datafield>
    <datafield tag="300" ind1=" " ind2=" ">
      <subfield code="a">no.</subfield>
      <subfield code="b">ill.</subfield>
      <subfield code="c">28 cm.  monthly (irregular)</subfield>
    </datafield>
    <datafield tag="362" ind1="0" ind2=" ">
      <subfield code="a">no. 1 (1973)-no. 344 (Jan. 18, 2002).</subfield>
    </datafield>
    <datafield tag="596" ind1=" " ind2=" ">
      <subfield code="a">13</subfield>
    </datafield>
    <datafield tag="610" ind1="2" ind2="0">
      <subfield code="a">Financial Standards Accounting Board</subfield>
      <subfield code="v">Periodicals.</subfield>
    </datafield>
    <datafield tag="650" ind1=" " ind2="0">
      <subfield code="a">Accounting</subfield>
      <subfield code="v">Periodicals.</subfield>
    </datafield>
    <datafield tag="780" ind1="0" ind2="5">
      <subfield code="t">FASB viewpoints</subfield>
      <subfield code="w">(DLC)sn81002460</subfield>
      <subfield code="w">(OCoLC)5424715</subfield>
    </datafield>
    <datafield tag="785" ind1="0" ind2="0">
      <subfield code="a">Financial Accounting Standards Board.</subfield>
      <subfield code="t">FASB report</subfield>
      <subfield code="w">(DLC)2002252703</subfield>
      <subfield code="w">(OCcLC)49419315</subfield>
    </datafield>
    <datafield tag="999" ind1=" " ind2=" ">
      <subfield code="a">HF5601 .F5b Nos. 110-138 (1981-1982)</subfield>
      <subfield code="w">LCPER</subfield>
      <subfield code="c">1</subfield>
      <subfield code="i">X001487811</subfield>
      <subfield code="d">3/17/1998</subfield>
      <subfield code="l">DARD-STKS</subfield>
      <subfield code="m">DARDEN</subfield>
      <subfield code="r">N</subfield>
      <subfield code="s">Y</subfield>
      <subfield code="t">BOOK-NC</subfield>
      <subfield code="u">6/29/1996</subfield>
      <subfield code="x">H-NOTIS</subfield>
    </datafield>
    <datafield tag="999" ind1=" " ind2=" ">
      <subfield code="a">HF5601 .F5b Nos. 78-109  (1979-1980)</subfield>
      <subfield code="w">LCPER</subfield>
      <subfield code="c">1</subfield>
      <subfield code="i">X004171653</subfield>
      <subfield code="d">5/26/1998</subfield>
      <subfield code="l">DARD-STKS</subfield>
      <subfield code="m">DARDEN</subfield>
      <subfield code="r">N</subfield>
      <subfield code="s">Y</subfield>
      <subfield code="t">BOOK-NC</subfield>
      <subfield code="u">5/26/1998</subfield>
      <subfield code="x">H-NOTIS</subfield>
    </datafield>
    <datafield tag="999" ind1=" " ind2=" ">
      <subfield code="a">HF5601 .F5b Nos.139-163  (1983-1984)</subfield>
      <subfield code="w">LCPER</subfield>
      <subfield code="c">1</subfield>
      <subfield code="i">X004171649</subfield>
      <subfield code="d">5/26/1998</subfield>
      <subfield code="l">DARD-STKS</subfield>
      <subfield code="m">DARDEN</subfield>
      <subfield code="r">N</subfield>
      <subfield code="s">Y</subfield>
      <subfield code="t">BOOK-NC</subfield>
      <subfield code="u">5/26/1998</subfield>
      <subfield code="x">H-NOTIS</subfield>
    </datafield>
    <datafield tag="999" ind1=" " ind2=" ">
      <subfield code="a">HF5601 .F5b Nos.164-184  (1985-1987)</subfield>
      <subfield code="w">LCPER</subfield>
      <subfield code="c">1</subfield>
      <subfield code="i">X004171648</subfield>
      <subfield code="d">5/26/1998</subfield>
      <subfield code="l">DARD-STKS</subfield>
      <subfield code="m">DARDEN</subfield>
      <subfield code="r">N</subfield>
      <subfield code="s">Y</subfield>
      <subfield code="t">BOOK-NC</subfield>
      <subfield code="u">5/26/1998</subfield>
      <subfield code="x">H-NOTIS</subfield>
    </datafield>
    <datafield tag="999" ind1=" " ind2=" ">
      <subfield code="a">HF5601 .F5b Nos. 11 [YR.] 1998 NO. 301</subfield>
      <subfield code="w">LCPER</subfield>
      <subfield code="c">1</subfield>
      <subfield code="i">472805-10001</subfield>
      <subfield code="d">6/3/1998</subfield>
      <subfield code="l">DARD-STKS</subfield>
      <subfield code="m">DARDEN</subfield>
      <subfield code="r">N</subfield>
      <subfield code="s">Y</subfield>
      <subfield code="t">BOOK-NC</subfield>
      <subfield code="u">6/3/1998</subfield>
    </datafield>
    <datafield tag="999" ind1=" " ind2=" ">
      <subfield code="a">HF5601 .F5b Nos.193-215  (1988-1990)</subfield>
      <subfield code="w">LCPER</subfield>
      <subfield code="c">1</subfield>
      <subfield code="i">X004171645</subfield>
      <subfield code="d">6/10/1998</subfield>
      <subfield code="l">DARD-STKS</subfield>
      <subfield code="m">DARDEN</subfield>
      <subfield code="r">N</subfield>
      <subfield code="s">Y</subfield>
      <subfield code="t">BOOK-NC</subfield>
      <subfield code="u">6/10/1998</subfield>
      <subfield code="x">H-NOTIS</subfield>
    </datafield>
    <datafield tag="999" ind1=" " ind2=" ">
      <subfield code="a">HF5601 .F5b Nos.216-227  (1991)</subfield>
      <subfield code="w">LCPER</subfield>
      <subfield code="c">1</subfield>
      <subfield code="i">X004171665</subfield>
      <subfield code="d">6/10/1998</subfield>
      <subfield code="l">DARD-STKS</subfield>
      <subfield code="m">DARDEN</subfield>
      <subfield code="r">N</subfield>
      <subfield code="s">Y</subfield>
      <subfield code="t">BOOK-NC</subfield>
      <subfield code="u">6/10/1998</subfield>
      <subfield code="x">H-NOTIS</subfield>
    </datafield>
    <datafield tag="999" ind1=" " ind2=" ">
      <subfield code="a">HF5601 .F5b Nos.228-238  (1992)</subfield>
      <subfield code="w">LCPER</subfield>
      <subfield code="c">1</subfield>
      <subfield code="i">X004171662</subfield>
      <subfield code="d">6/10/1998</subfield>
      <subfield code="l">DARD-STKS</subfield>
      <subfield code="m">DARDEN</subfield>
      <subfield code="r">N</subfield>
      <subfield code="s">Y</subfield>
      <subfield code="t">BOOK-NC</subfield>
      <subfield code="u">6/10/1998</subfield>
      <subfield code="x">H-NOTIS</subfield>
    </datafield>
    <datafield tag="999" ind1=" " ind2=" ">
      <subfield code="a">HF5601 .F5b Nos.239-248  (1993)</subfield>
      <subfield code="w">LCPER</subfield>
      <subfield code="c">1</subfield>
      <subfield code="i">X004171666</subfield>
      <subfield code="d">6/10/1998</subfield>
      <subfield code="l">DARD-STKS</subfield>
      <subfield code="m">DARDEN</subfield>
      <subfield code="r">N</subfield>
      <subfield code="s">Y</subfield>
      <subfield code="t">BOOK-NC</subfield>
      <subfield code="u">6/10/1998</subfield>
      <subfield code="x">H-NOTIS</subfield>
    </datafield>
    <datafield tag="999" ind1=" " ind2=" ">
      <subfield code="a">HF5601 .F5b Nos.249-259  (1994)</subfield>
      <subfield code="w">LCPER</subfield>
      <subfield code="c">1</subfield>
      <subfield code="i">X004171659</subfield>
      <subfield code="d">6/10/1998</subfield>
      <subfield code="l">DARD-STKS</subfield>
      <subfield code="m">DARDEN</subfield>
      <subfield code="r">N</subfield>
      <subfield code="s">Y</subfield>
      <subfield code="t">BOOK-NC</subfield>
      <subfield code="u">6/10/1998</subfield>
      <subfield code="x">H-NOTIS</subfield>
    </datafield>
    <datafield tag="999" ind1=" " ind2=" ">
      <subfield code="a">HF5601 .F5b Nos.260-271  (1995)</subfield>
      <subfield code="w">LCPER</subfield>
      <subfield code="c">1</subfield>
      <subfield code="i">X004171664</subfield>
      <subfield code="d">6/10/1998</subfield>
      <subfield code="l">DARD-STKS</subfield>
      <subfield code="m">DARDEN</subfield>
      <subfield code="r">N</subfield>
      <subfield code="s">Y</subfield>
      <subfield code="t">BOOK-NC</subfield>
      <subfield code="u">6/10/1998</subfield>
      <subfield code="x">H-NOTIS</subfield>
    </datafield>
    <datafield tag="999" ind1=" " ind2=" ">
      <subfield code="a">HF5601 .F5b Nos.272-283  (1996)</subfield>
      <subfield code="w">LCPER</subfield>
      <subfield code="c">1</subfield>
      <subfield code="i">X004171651</subfield>
      <subfield code="d">4/29/1999</subfield>
      <subfield code="l">DARD-STKS</subfield>
      <subfield code="m">DARDEN</subfield>
      <subfield code="r">N</subfield>
      <subfield code="s">Y</subfield>
      <subfield code="t">BOOK-NC</subfield>
      <subfield code="u">6/10/1998</subfield>
      <subfield code="x">H-NOTIS</subfield>
    </datafield>
    <datafield tag="999" ind1=" " ind2=" ">
      <subfield code="a">HF5601 .F5b No.284-289, 291-296 1997</subfield>
      <subfield code="w">LCPER</subfield>
      <subfield code="c">1</subfield>
      <subfield code="i">X004171650</subfield>
      <subfield code="d">6/10/1998</subfield>
      <subfield code="l">DARD-STKS</subfield>
      <subfield code="m">DARDEN</subfield>
      <subfield code="r">N</subfield>
      <subfield code="s">Y</subfield>
      <subfield code="t">BOOK-NC</subfield>
      <subfield code="u">6/10/1998</subfield>
      <subfield code="x">H-NOTIS</subfield>
    </datafield>
    <datafield tag="999" ind1=" " ind2=" ">
      <subfield code="a">HF5601 .F5b Nos. 11 [YR.] 1999 NO. 302</subfield>
      <subfield code="w">LCPER</subfield>
      <subfield code="c">1</subfield>
      <subfield code="i">472805-19001</subfield>
      <subfield code="d">7/8/1998</subfield>
      <subfield code="l">DARD-STKS</subfield>
      <subfield code="m">DARDEN</subfield>
      <subfield code="r">N</subfield>
      <subfield code="s">Y</subfield>
      <subfield code="t">BOOK-NC</subfield>
      <subfield code="u">7/8/1998</subfield>
    </datafield>
    <datafield tag="999" ind1=" " ind2=" ">
      <subfield code="a">HF5601 .F5b Nos. 11 [YR.] 1999 NO. 303</subfield>
      <subfield code="w">LCPER</subfield>
      <subfield code="c">1</subfield>
      <subfield code="i">472805-20001</subfield>
      <subfield code="d">7/24/1998</subfield>
      <subfield code="l">DARD-STKS</subfield>
      <subfield code="m">DARDEN</subfield>
      <subfield code="r">N</subfield>
      <subfield code="s">Y</subfield>
      <subfield code="t">BOOK-NC</subfield>
      <subfield code="u">7/24/1998</subfield>
    </datafield>
    <datafield tag="999" ind1=" " ind2=" ">
      <subfield code="a">HF5601 .F5b Nos. 11 [YR.] 1998 NO. 304</subfield>
      <subfield code="w">LCPER</subfield>
      <subfield code="c">1</subfield>
      <subfield code="i">472805-21001</subfield>
      <subfield code="d">8/24/1998</subfield>
      <subfield code="l">DARD-STKS</subfield>
      <subfield code="m">DARDEN</subfield>
      <subfield code="r">N</subfield>
      <subfield code="s">Y</subfield>
      <subfield code="t">BOOK-NC</subfield>
      <subfield code="u">8/24/1998</subfield>
    </datafield>
    <datafield tag="999" ind1=" " ind2=" ">
      <subfield code="a">HF5601 .F5b Nos. 11 [YR.] 1999 NO. 305</subfield>
      <subfield code="w">LCPER</subfield>
      <subfield code="c">1</subfield>
      <subfield code="i">472805-22001</subfield>
      <subfield code="d">10/19/1998</subfield>
      <subfield code="l">DARD-STKS</subfield>
      <subfield code="m">DARDEN</subfield>
      <subfield code="r">N</subfield>
      <subfield code="s">Y</subfield>
      <subfield code="t">BOOK-NC</subfield>
      <subfield code="u">10/19/1998</subfield>
    </datafield>
    <datafield tag="999" ind1=" " ind2=" ">
      <subfield code="a">HF5601 .F5b Nos. 11 [YR.] 1999 NO. 306</subfield>
      <subfield code="w">LCPER</subfield>
      <subfield code="c">1</subfield>
      <subfield code="i">472805-23001</subfield>
      <subfield code="d">10/30/1998</subfield>
      <subfield code="l">DARD-STKS</subfield>
      <subfield code="m">DARDEN</subfield>
      <subfield code="r">N</subfield>
      <subfield code="s">Y</subfield>
      <subfield code="t">BOOK-NC</subfield>
      <subfield code="u">10/30/1998</subfield>
    </datafield>
    <datafield tag="999" ind1=" " ind2=" ">
      <subfield code="a">HF5601 .F5b Nos. 11 [YR.] 1999 NO. 307</subfield>
      <subfield code="w">LCPER</subfield>
      <subfield code="c">1</subfield>
      <subfield code="i">472805-24001</subfield>
      <subfield code="d">12/3/1998</subfield>
      <subfield code="l">DARD-STKS</subfield>
      <subfield code="m">DARDEN</subfield>
      <subfield code="r">N</subfield>
      <subfield code="s">Y</subfield>
      <subfield code="t">BOOK-NC</subfield>
      <subfield code="u">12/3/1998</subfield>
    </datafield>
    <datafield tag="999" ind1=" " ind2=" ">
      <subfield code="a">HF5601 .F5b Nos. 11 [YR.] 1998 NO. 308</subfield>
      <subfield code="w">LCPER</subfield>
      <subfield code="c">1</subfield>
      <subfield code="i">472805-25001</subfield>
      <subfield code="d">1/14/1999</subfield>
      <subfield code="l">DARD-STKS</subfield>
      <subfield code="m">DARDEN</subfield>
      <subfield code="r">N</subfield>
      <subfield code="s">Y</subfield>
      <subfield code="t">BOOK-NC</subfield>
      <subfield code="u">1/14/1999</subfield>
    </datafield>
    <datafield tag="999" ind1=" " ind2=" ">
      <subfield code="a">HF5601 .F5b Nos. 11 [YR.] 1999 NO. 309</subfield>
      <subfield code="w">LCPER</subfield>
      <subfield code="c">1</subfield>
      <subfield code="i">472805-26001</subfield>
      <subfield code="d">1/29/1999</subfield>
      <subfield code="l">DARD-STKS</subfield>
      <subfield code="m">DARDEN</subfield>
      <subfield code="r">N</subfield>
      <subfield code="s">Y</subfield>
      <subfield code="t">BOOK-NC</subfield>
      <subfield code="u">1/29/1999</subfield>
    </datafield>
    <datafield tag="999" ind1=" " ind2=" ">
      <subfield code="a">HF5601 .F5b Nos. 11 [YR.] 1999 NO. 310</subfield>
      <subfield code="w">LCPER</subfield>
      <subfield code="c">1</subfield>
      <subfield code="i">472805-27001</subfield>
      <subfield code="l">DARD-STKS</subfield>
      <subfield code="m">DARDEN</subfield>
      <subfield code="r">N</subfield>
      <subfield code="s">Y</subfield>
      <subfield code="t">BOOK-NC</subfield>
      <subfield code="u">3/8/1999</subfield>
    </datafield>
    <datafield tag="999" ind1=" " ind2=" ">
      <subfield code="a">HF5601 .F5b Nos. 11 [YR.] 1999 NO. 311</subfield>
      <subfield code="w">LCPER</subfield>
      <subfield code="c">1</subfield>
      <subfield code="i">472805-28001</subfield>
      <subfield code="l">DARD-STKS</subfield>
      <subfield code="m">DARDEN</subfield>
      <subfield code="r">N</subfield>
      <subfield code="s">Y</subfield>
      <subfield code="t">BOOK-NC</subfield>
      <subfield code="u">4/12/1999</subfield>
    </datafield>
    <datafield tag="999" ind1=" " ind2=" ">
      <subfield code="a">HF5601 .F5b Nos.181-192  (1998)</subfield>
      <subfield code="w">LCPER</subfield>
      <subfield code="c">1</subfield>
      <subfield code="i">X004191574</subfield>
      <subfield code="d">4/28/1999</subfield>
      <subfield code="l">DARD-STKS</subfield>
      <subfield code="m">DARDEN</subfield>
      <subfield code="r">N</subfield>
      <subfield code="s">Y</subfield>
      <subfield code="t">BOOK-NC</subfield>
      <subfield code="u">4/28/1999</subfield>
      <subfield code="x">H-NOTIS</subfield>
    </datafield>
    <datafield tag="999" ind1=" " ind2=" ">
      <subfield code="a">HF5601 .F5b Nos. 11 [YR.] 1999 NO. 312</subfield>
      <subfield code="w">LCPER</subfield>
      <subfield code="c">1</subfield>
      <subfield code="i">472805-30001</subfield>
      <subfield code="l">DARD-STKS</subfield>
      <subfield code="m">DARDEN</subfield>
      <subfield code="r">N</subfield>
      <subfield code="s">Y</subfield>
      <subfield code="t">BOOK-NC</subfield>
      <subfield code="u">4/28/1999</subfield>
    </datafield>
    <datafield tag="999" ind1=" " ind2=" ">
      <subfield code="a">HF5601 .F5b Nos.297-307  (1998)</subfield>
      <subfield code="w">LCPER</subfield>
      <subfield code="c">1</subfield>
      <subfield code="i">X004191925</subfield>
      <subfield code="d">6/30/1999</subfield>
      <subfield code="l">DARD-STKS</subfield>
      <subfield code="m">DARDEN</subfield>
      <subfield code="r">N</subfield>
      <subfield code="s">Y</subfield>
      <subfield code="t">BOOK-NC</subfield>
      <subfield code="u">6/30/1999</subfield>
      <subfield code="x">H-NOTIS</subfield>
    </datafield>
    <datafield tag="999" ind1=" " ind2=" ">
      <subfield code="a">HF5601 .F5b Nos. 11 [YR.] 2000 NO. 314</subfield>
      <subfield code="w">LCPER</subfield>
      <subfield code="c">1</subfield>
      <subfield code="i">472805-32001</subfield>
      <subfield code="l">DARD-STKS</subfield>
      <subfield code="m">DARDEN</subfield>
      <subfield code="r">N</subfield>
      <subfield code="s">Y</subfield>
      <subfield code="t">BOOK-NC</subfield>
      <subfield code="u">7/15/1999</subfield>
    </datafield>
    <datafield tag="999" ind1=" " ind2=" ">
      <subfield code="a">HF5601 .F5b Nos. 11 [YR.] 1999 NO. 315</subfield>
      <subfield code="w">LCPER</subfield>
      <subfield code="c">1</subfield>
      <subfield code="i">472805-33001</subfield>
      <subfield code="l">DARD-STKS</subfield>
      <subfield code="m">DARDEN</subfield>
      <subfield code="r">N</subfield>
      <subfield code="s">Y</subfield>
      <subfield code="t">BOOK-NC</subfield>
      <subfield code="u">7/26/1999</subfield>
    </datafield>
    <datafield tag="999" ind1=" " ind2=" ">
      <subfield code="a">HF5601 .F5b Nos. 11 [YR.] 1999 NO. 315</subfield>
      <subfield code="w">LCPER</subfield>
      <subfield code="c">2</subfield>
      <subfield code="i">472805-33002</subfield>
      <subfield code="l">DARD-STKS</subfield>
      <subfield code="m">DARDEN</subfield>
      <subfield code="r">N</subfield>
      <subfield code="s">Y</subfield>
      <subfield code="t">BOOK-NC</subfield>
      <subfield code="u">7/26/1999</subfield>
    </datafield>
    <datafield tag="999" ind1=" " ind2=" ">
      <subfield code="a">HF5601 .F5b Nos. 11 [YR.] 1999 NO. 316</subfield>
      <subfield code="w">LCPER</subfield>
      <subfield code="c">1</subfield>
      <subfield code="i">472805-34001</subfield>
      <subfield code="l">DARD-STKS</subfield>
      <subfield code="m">DARDEN</subfield>
      <subfield code="r">N</subfield>
      <subfield code="s">Y</subfield>
      <subfield code="t">BOOK-NC</subfield>
      <subfield code="u">9/13/1999</subfield>
    </datafield>
    <datafield tag="999" ind1=" " ind2=" ">
      <subfield code="a">HF5601 .F5b Nos. 11 [YR.] 2000 NO. 317</subfield>
      <subfield code="w">LCPER</subfield>
      <subfield code="c">1</subfield>
      <subfield code="i">472805-35001</subfield>
      <subfield code="l">DARD-STKS</subfield>
      <subfield code="m">DARDEN</subfield>
      <subfield code="r">N</subfield>
      <subfield code="s">Y</subfield>
      <subfield code="t">BOOK-NC</subfield>
      <subfield code="u">10/18/1999</subfield>
    </datafield>
    <datafield tag="999" ind1=" " ind2=" ">
      <subfield code="a">HF5601 .F5b Nos. 11 [YR.] NO. 318 OCT 1</subfield>
      <subfield code="w">LCPER</subfield>
      <subfield code="c">1</subfield>
      <subfield code="i">472805-36001</subfield>
      <subfield code="l">DARD-STKS</subfield>
      <subfield code="m">DARDEN</subfield>
      <subfield code="r">N</subfield>
      <subfield code="s">Y</subfield>
      <subfield code="t">BOOK-NC</subfield>
      <subfield code="u">10/20/1999</subfield>
    </datafield>
    <datafield tag="999" ind1=" " ind2=" ">
      <subfield code="a">HF5601 .F5b Nos. 11 [YR.] 2000 NO. 319</subfield>
      <subfield code="w">LCPER</subfield>
      <subfield code="c">1</subfield>
      <subfield code="i">472805-37001</subfield>
      <subfield code="l">DARD-STKS</subfield>
      <subfield code="m">DARDEN</subfield>
      <subfield code="r">N</subfield>
      <subfield code="s">Y</subfield>
      <subfield code="t">BOOK-NC</subfield>
      <subfield code="u">12/1/1999</subfield>
    </datafield>
    <datafield tag="999" ind1=" " ind2=" ">
      <subfield code="a">HF5601 .F5b Nos. 11 [YR.] 2000 NO. 320</subfield>
      <subfield code="w">LCPER</subfield>
      <subfield code="c">1</subfield>
      <subfield code="i">472805-38001</subfield>
      <subfield code="l">DARD-STKS</subfield>
      <subfield code="m">DARDEN</subfield>
      <subfield code="r">N</subfield>
      <subfield code="s">Y</subfield>
      <subfield code="t">BOOK-NC</subfield>
      <subfield code="u">1/7/2000</subfield>
    </datafield>
    <datafield tag="999" ind1=" " ind2=" ">
      <subfield code="a">HF5601 .F5b Nos. 11 [YR.] 2000 NO. 321</subfield>
      <subfield code="w">LCPER</subfield>
      <subfield code="c">1</subfield>
      <subfield code="i">472805-39001</subfield>
      <subfield code="l">DARD-STKS</subfield>
      <subfield code="m">DARDEN</subfield>
      <subfield code="r">N</subfield>
      <subfield code="s">Y</subfield>
      <subfield code="t">BOOK-NC</subfield>
      <subfield code="u">1/27/2000</subfield>
    </datafield>
    <datafield tag="999" ind1=" " ind2=" ">
      <subfield code="a">HF5601 .F5b Nos. 11 [YR.] 2000 NO. 322</subfield>
      <subfield code="w">LCPER</subfield>
      <subfield code="c">1</subfield>
      <subfield code="i">472805-40001</subfield>
      <subfield code="l">DARD-STKS</subfield>
      <subfield code="m">DARDEN</subfield>
      <subfield code="r">N</subfield>
      <subfield code="s">Y</subfield>
      <subfield code="t">BOOK-NC</subfield>
      <subfield code="u">3/13/2000</subfield>
    </datafield>
    <datafield tag="999" ind1=" " ind2=" ">
      <subfield code="a">HF5601 .F5b Nos. 11 [YR.] 2000 NO. 323</subfield>
      <subfield code="w">LCPER</subfield>
      <subfield code="c">1</subfield>
      <subfield code="i">472805-41001</subfield>
      <subfield code="l">DARD-STKS</subfield>
      <subfield code="m">DARDEN</subfield>
      <subfield code="r">N</subfield>
      <subfield code="s">Y</subfield>
      <subfield code="t">BOOK-NC</subfield>
      <subfield code="u">3/31/2000</subfield>
    </datafield>
    <datafield tag="999" ind1=" " ind2=" ">
      <subfield code="a">HF5601 .F5b Nos. 11 [YR.] 2000 NO. 324</subfield>
      <subfield code="w">LCPER</subfield>
      <subfield code="c">1</subfield>
      <subfield code="i">472805-42001</subfield>
      <subfield code="l">DARD-STKS</subfield>
      <subfield code="m">DARDEN</subfield>
      <subfield code="r">N</subfield>
      <subfield code="s">Y</subfield>
      <subfield code="t">BOOK-NC</subfield>
      <subfield code="u">4/24/2000</subfield>
    </datafield>
    <datafield tag="999" ind1=" " ind2=" ">
      <subfield code="a">HF5601 .F5b Nos. 11 [YR.] 2001 NO. 325</subfield>
      <subfield code="w">LCPER</subfield>
      <subfield code="c">1</subfield>
      <subfield code="i">472805-43001</subfield>
      <subfield code="l">DARD-STKS</subfield>
      <subfield code="m">DARDEN</subfield>
      <subfield code="r">N</subfield>
      <subfield code="s">Y</subfield>
      <subfield code="t">BOOK-NC</subfield>
      <subfield code="u">6/12/2000</subfield>
    </datafield>
    <datafield tag="999" ind1=" " ind2=" ">
      <subfield code="a">HF5601 .F5b Nos. 11 [YR.] 2000 NO. 326</subfield>
      <subfield code="w">LCPER</subfield>
      <subfield code="c">1</subfield>
      <subfield code="i">472805-44001</subfield>
      <subfield code="l">DARD-STKS</subfield>
      <subfield code="m">DARDEN</subfield>
      <subfield code="r">N</subfield>
      <subfield code="s">Y</subfield>
      <subfield code="t">BOOK-NC</subfield>
      <subfield code="u">7/14/2000</subfield>
    </datafield>
    <datafield tag="999" ind1=" " ind2=" ">
      <subfield code="a">HF5601 .F5b Nos. 11 [YR.] 2000 NO. 327</subfield>
      <subfield code="w">LCPER</subfield>
      <subfield code="c">1</subfield>
      <subfield code="i">472805-45001</subfield>
      <subfield code="l">DARD-STKS</subfield>
      <subfield code="m">DARDEN</subfield>
      <subfield code="r">N</subfield>
      <subfield code="s">Y</subfield>
      <subfield code="t">BOOK-NC</subfield>
      <subfield code="u">8/7/2000</subfield>
    </datafield>
    <datafield tag="999" ind1=" " ind2=" ">
      <subfield code="a">HF5601 .F5b Nos. 11 [YR.] 2000 NO. 328</subfield>
      <subfield code="w">LCPER</subfield>
      <subfield code="c">1</subfield>
      <subfield code="i">472805-46001</subfield>
      <subfield code="l">DARD-STKS</subfield>
      <subfield code="m">DARDEN</subfield>
      <subfield code="r">N</subfield>
      <subfield code="s">Y</subfield>
      <subfield code="t">BOOK-NC</subfield>
      <subfield code="u">10/17/2000</subfield>
    </datafield>
    <datafield tag="999" ind1=" " ind2=" ">
      <subfield code="a">HF5601 .F5b Nos. 11 [YR.] 2000 NO. 329</subfield>
      <subfield code="w">LCPER</subfield>
      <subfield code="c">1</subfield>
      <subfield code="i">472805-47001</subfield>
      <subfield code="l">DARD-STKS</subfield>
      <subfield code="m">DARDEN</subfield>
      <subfield code="r">N</subfield>
      <subfield code="s">Y</subfield>
      <subfield code="t">BOOK-NC</subfield>
      <subfield code="u">10/25/2000</subfield>
    </datafield>
    <datafield tag="999" ind1=" " ind2=" ">
      <subfield code="a">HF5601 .F5b Nos. 11 [YR.] 2000 NO. 330</subfield>
      <subfield code="w">LCPER</subfield>
      <subfield code="c">1</subfield>
      <subfield code="i">472805-48001</subfield>
      <subfield code="l">DARD-STKS</subfield>
      <subfield code="m">DARDEN</subfield>
      <subfield code="r">N</subfield>
      <subfield code="s">Y</subfield>
      <subfield code="t">BOOK-NC</subfield>
      <subfield code="u">12/4/2000</subfield>
    </datafield>
    <datafield tag="999" ind1=" " ind2=" ">
      <subfield code="a">HF5601 .F5b Nos. 11 [YR.] 2000 NO. 331</subfield>
      <subfield code="w">LCPER</subfield>
      <subfield code="c">1</subfield>
      <subfield code="i">472805-49001</subfield>
      <subfield code="l">DARD-STKS</subfield>
      <subfield code="m">DARDEN</subfield>
      <subfield code="r">N</subfield>
      <subfield code="s">Y</subfield>
      <subfield code="t">BOOK-NC</subfield>
      <subfield code="u">1/17/2001</subfield>
    </datafield>
    <datafield tag="999" ind1=" " ind2=" ">
      <subfield code="a">HF5601 .F5b Nos. 11 [YR.] 2000 NO. 332</subfield>
      <subfield code="w">LCPER</subfield>
      <subfield code="c">1</subfield>
      <subfield code="i">472805-50001</subfield>
      <subfield code="l">DARD-STKS</subfield>
      <subfield code="m">DARDEN</subfield>
      <subfield code="r">N</subfield>
      <subfield code="s">Y</subfield>
      <subfield code="t">BOOK-NC</subfield>
      <subfield code="u">1/25/2001</subfield>
    </datafield>
    <datafield tag="999" ind1=" " ind2=" ">
      <subfield code="a">HF5601 .F5b Nos. 11 [YR.] 2000 NO. 313</subfield>
      <subfield code="w">LCPER</subfield>
      <subfield code="c">1</subfield>
      <subfield code="i">472805-51001</subfield>
      <subfield code="l">DARD-STKS</subfield>
      <subfield code="m">DARDEN</subfield>
      <subfield code="r">N</subfield>
      <subfield code="s">Y</subfield>
      <subfield code="t">BOOK-NC</subfield>
      <subfield code="u">3/12/2001</subfield>
    </datafield>
    <datafield tag="999" ind1=" " ind2=" ">
      <subfield code="a">HF5601 .F5b Nos. 11 [YR.] 2001 NO. 333</subfield>
      <subfield code="w">LCPER</subfield>
      <subfield code="c">1</subfield>
      <subfield code="i">472805-52001</subfield>
      <subfield code="l">DARD-STKS</subfield>
      <subfield code="m">DARDEN</subfield>
      <subfield code="r">N</subfield>
      <subfield code="s">Y</subfield>
      <subfield code="t">BOOK-NC</subfield>
      <subfield code="u">3/12/2001</subfield>
    </datafield>
    <datafield tag="999" ind1=" " ind2=" ">
      <subfield code="a">HF5601 .F5b Nos.321-331  (2000)</subfield>
      <subfield code="w">LC</subfield>
      <subfield code="c">1</subfield>
      <subfield code="i">X004429953</subfield>
      <subfield code="l">DARD-STKS</subfield>
      <subfield code="m">DARDEN</subfield>
      <subfield code="r">N</subfield>
      <subfield code="s">Y</subfield>
      <subfield code="t">BOOK-NC</subfield>
      <subfield code="u">4/12/2001</subfield>
      <subfield code="x">ADD</subfield>
    </datafield>
    <datafield tag="999" ind1=" " ind2=" ">
      <subfield code="a">HF5601 .F5b Nos. 11 [YR.] 2001 NO. 334</subfield>
      <subfield code="w">LCPER</subfield>
      <subfield code="c">1</subfield>
      <subfield code="i">472805-54001</subfield>
      <subfield code="l">DARD-STKS</subfield>
      <subfield code="m">DARDEN</subfield>
      <subfield code="r">N</subfield>
      <subfield code="s">Y</subfield>
      <subfield code="t">BOOK-NC</subfield>
      <subfield code="u">4/16/2001</subfield>
    </datafield>
    <datafield tag="999" ind1=" " ind2=" ">
      <subfield code="a">HF5601 .F5b Nos. 11 [YR.] 2001 NO. 335</subfield>
      <subfield code="w">LCPER</subfield>
      <subfield code="c">1</subfield>
      <subfield code="i">472805-55001</subfield>
      <subfield code="l">DARD-STKS</subfield>
      <subfield code="m">DARDEN</subfield>
      <subfield code="r">N</subfield>
      <subfield code="s">Y</subfield>
      <subfield code="t">BOOK-NC</subfield>
      <subfield code="u">4/24/2001</subfield>
    </datafield>
    <datafield tag="999" ind1=" " ind2=" ">
      <subfield code="a">HF5601 .F5b Nos. 11 [YR.] 2000 NO. 220</subfield>
      <subfield code="w">LCPER</subfield>
      <subfield code="c">1</subfield>
      <subfield code="i">472805-56001</subfield>
      <subfield code="l">DARD-STKS</subfield>
      <subfield code="m">DARDEN</subfield>
      <subfield code="r">N</subfield>
      <subfield code="s">Y</subfield>
      <subfield code="t">BOOK-NC</subfield>
      <subfield code="u">7/6/2001</subfield>
    </datafield>
    <datafield tag="999" ind1=" " ind2=" ">
      <subfield code="a">HF5601 .F5b Nos. 11 [YR.] 2001 NO. 337</subfield>
      <subfield code="w">LCPER</subfield>
      <subfield code="c">1</subfield>
      <subfield code="i">472805-57001</subfield>
      <subfield code="l">DARD-STKS</subfield>
      <subfield code="m">DARDEN</subfield>
      <subfield code="r">N</subfield>
      <subfield code="s">Y</subfield>
      <subfield code="t">BOOK-NC</subfield>
      <subfield code="u">7/23/2001</subfield>
    </datafield>
    <datafield tag="999" ind1=" " ind2=" ">
      <subfield code="a">HF5601 .F5b Nos. 11 [YR.] 2001 NO. 221-</subfield>
      <subfield code="w">LCPER</subfield>
      <subfield code="c">1</subfield>
      <subfield code="i">472805-58001</subfield>
      <subfield code="l">DARD-STKS</subfield>
      <subfield code="m">DARDEN</subfield>
      <subfield code="r">N</subfield>
      <subfield code="s">Y</subfield>
      <subfield code="t">BOOK-NC</subfield>
      <subfield code="u">7/23/2001</subfield>
    </datafield>
    <datafield tag="999" ind1=" " ind2=" ">
      <subfield code="a">HF5601 .F5b Nos. 11 [YR.] 2001 NO. 222-</subfield>
      <subfield code="w">LCPER</subfield>
      <subfield code="c">1</subfield>
      <subfield code="i">472805-59001</subfield>
      <subfield code="l">DARD-STKS</subfield>
      <subfield code="m">DARDEN</subfield>
      <subfield code="r">N</subfield>
      <subfield code="s">Y</subfield>
      <subfield code="t">BOOK-NC</subfield>
      <subfield code="u">8/13/2001</subfield>
    </datafield>
    <datafield tag="999" ind1=" " ind2=" ">
      <subfield code="a">HF5601 .F5b No.309-320 1999</subfield>
      <subfield code="w">LCPER</subfield>
      <subfield code="c">1</subfield>
      <subfield code="i">X006100681</subfield>
      <subfield code="l">DARD-STKS</subfield>
      <subfield code="m">DARDEN</subfield>
      <subfield code="r">N</subfield>
      <subfield code="s">Y</subfield>
      <subfield code="t">BOOK-NC</subfield>
      <subfield code="u">3/12/2002</subfield>
      <subfield code="x">H-NOTIS</subfield>
    </datafield>
    <datafield tag="999" ind1=" " ind2=" ">
      <subfield code="a">HF5601 .F5b Nos. 332-343 2001</subfield>
      <subfield code="w">LCPER</subfield>
      <subfield code="c">1</subfield>
      <subfield code="i">X006100749</subfield>
      <subfield code="l">DARD-STKS</subfield>
      <subfield code="m">DARDEN</subfield>
      <subfield code="r">N</subfield>
      <subfield code="s">Y</subfield>
      <subfield code="t">BOOK-NC</subfield>
      <subfield code="u">4/23/2002</subfield>
      <subfield code="x">H-NOTIS</subfield>
    </datafield>
  </record>