
  <record>
    <leader>01982cem a2200421   4500</leader>
    <controlfield tag="001">u1291339</controlfield>
    <controlfield tag="003">SIRSI</controlfield>
    <controlfield tag="005">20030106152928.0</controlfield>
    <controlfield tag="007">aj|canzn</controlfield>
    <controlfield tag="008">870529s1987    cc        e  f  0   eng  </controlfield>
    <datafield tag="010" ind1=" " ind2=" ">
      <subfield code="a">   87675262</subfield>
    </datafield>
    <datafield tag="020" ind1=" " ind2=" ">
      <subfield code="a">0195840925 :</subfield>
      <subfield code="c">$195.00</subfield>
    </datafield>
    <datafield tag="034" ind1="0" ind2=" ">
      <subfield code="a">a</subfield>
    </datafield>
    <datafield tag="035" ind1=" " ind2=" ">
      <subfield code="a">(Sirsi) o16005908</subfield>
    </datafield>
    <datafield tag="040" ind1=" " ind2=" ">
      <subfield code="a">DLC</subfield>
      <subfield code="c">DLC</subfield>
      <subfield code="d">OCoLC</subfield>
    </datafield>
    <datafield tag="043" ind1=" " ind2=" ">
      <subfield code="a">a-cc---</subfield>
    </datafield>
    <datafield tag="050" ind1="0" ind2="0">
      <subfield code="a">G2306.E2</subfield>
      <subfield code="b">P6 1987</subfield>
    </datafield>
    <datafield tag="082" ind1="0" ind2="0">
      <subfield code="a">912/.13046/0951</subfield>
      <subfield code="2">19</subfield>
    </datafield>
    <datafield tag="245" ind1="0" ind2="4">
      <subfield code="a">The population atlas of China</subfield>
      <subfield code="h">[cartographic material] /</subfield>
      <subfield code="c">compiled and edited by the Population Census Office of the State Council of the People's Republic of China and the Institute of Geography of the Chinese Academy of Sciences.</subfield>
    </datafield>
    <datafield tag="255" ind1=" " ind2=" ">
      <subfield code="a">Scales differ.</subfield>
    </datafield>
    <datafield tag="260" ind1=" " ind2=" ">
      <subfield code="a">Hong Kong ;</subfield>
      <subfield code="a">New York :</subfield>
      <subfield code="b">Oxford University Press,</subfield>
      <subfield code="c">1987.</subfield>
    </datafield>
    <datafield tag="300" ind1=" " ind2=" ">
      <subfield code="a">1 atlas (xxiv, 217 p.) :</subfield>
      <subfield code="b">col. maps ;</subfield>
      <subfield code="c">54 cm.</subfield>
    </datafield>
    <datafield tag="500" ind1=" " ind2=" ">
      <subfield code="a">Title in Chinese on added t.p.: Zhongguo ren kou di tu ji.</subfield>
    </datafield>
    <datafield tag="500" ind1=" " ind2=" ">
      <subfield code="a">"Published ... in association with China Statistics Publishing House"--Verso of t.p.</subfield>
    </datafield>
    <datafield tag="500" ind1=" " ind2=" ">
      <subfield code="a">Two map overlays showing location of cities and counties in pocket.</subfield>
    </datafield>
    <datafield tag="500" ind1=" " ind2=" ">
      <subfield code="a">Includes index to county level administrative units and word list Pinyin to English and English to Pinyin.</subfield>
    </datafield>
    <datafield tag="505" ind1="0" ind2=" ">
      <subfield code="a">Background maps -- Population distribution -- Ethnicity -- Sex and age -- Population change -- Educational level -- Employment -- Family, marriage, and fertility.</subfield>
    </datafield>
    <datafield tag="596" ind1=" " ind2=" ">
      <subfield code="a">2</subfield>
    </datafield>
    <datafield tag="651" ind1=" " ind2="0">
      <subfield code="a">China</subfield>
      <subfield code="v">Census, 3rd, 1982</subfield>
      <subfield code="v">Maps.</subfield>
    </datafield>
    <datafield tag="651" ind1=" " ind2="0">
      <subfield code="a">China</subfield>
      <subfield code="x">Population</subfield>
      <subfield code="v">Maps.</subfield>
    </datafield>
    <datafield tag="651" ind1=" " ind2="0">
      <subfield code="a">China</subfield>
      <subfield code="x">Economic conditions</subfield>
      <subfield code="y">1976-</subfield>
      <subfield code="v">Maps.</subfield>
    </datafield>
    <datafield tag="651" ind1=" " ind2="0">
      <subfield code="a">China</subfield>
      <subfield code="x">Social conditions</subfield>
      <subfield code="y">1976-</subfield>
      <subfield code="v">Maps.</subfield>
    </datafield>
    <datafield tag="651" ind1=" " ind2="0">
      <subfield code="a">China</subfield>
      <subfield code="x">Population</subfield>
      <subfield code="v">Statistics.</subfield>
    </datafield>
    <datafield tag="710" ind1="1" ind2=" ">
      <subfield code="a">China.</subfield>
      <subfield code="b">Guo wu yuan.</subfield>
      <subfield code="b">Ren kou pu cha ban gong shi.</subfield>
    </datafield>
    <datafield tag="710" ind1="2" ind2=" ">
      <subfield code="a">Zhongguo ke xue yuan.</subfield>
      <subfield code="b">Di li yan jiu suo.</subfield>
    </datafield>
    <datafield tag="740" ind1="0" ind2=" ">
      <subfield code="a">Zhongguo ren kou di tu ji.</subfield>
    </datafield>
    <datafield tag="987" ind1=" " ind2=" ">
      <subfield code="c">20020424</subfield>
      <subfield code="d">c</subfield>
    </datafield>
    <datafield tag="999" ind1=" " ind2=" ">
      <subfield code="a">G2306 .E2 P6 1987</subfield>
      <subfield code="w">LC</subfield>
      <subfield code="c">1</subfield>
      <subfield code="i">X001467776</subfield>
      <subfield code="d">6/30/1996</subfield>
      <subfield code="l">AL-REFATLS</subfield>
      <subfield code="m">ALDERMAN</subfield>
      <subfield code="p">$195.00</subfield>
      <subfield code="r">N</subfield>
      <subfield code="s">Y</subfield>
      <subfield code="t">REFERENCE</subfield>
      <subfield code="u">6/30/1996</subfield>
      <subfield code="x">H-NOTIS</subfield>
    </datafield>
  </record>