
  <record>
    <leader>01211ngm a2200301 a 4500</leader>
    <controlfield tag="001">u1292891</controlfield>
    <controlfield tag="003">SIRSI</controlfield>
    <controlfield tag="007">vf-bbaho-</controlfield>
    <controlfield tag="008">880805q19801988iau025           0gleng d</controlfield>
    <datafield tag="035" ind1=" " ind2=" ">
      <subfield code="a">(Sirsi) o18317333</subfield>
    </datafield>
    <datafield tag="035" ind1=" " ind2=" ">
      <subfield code="a">(OCoLC)18317333</subfield>
    </datafield>
    <datafield tag="035" ind1=" " ind2=" ">
      <subfield code="a">349-4585</subfield>
      <subfield code="b">MX1289824=U</subfield>
    </datafield>
    <datafield tag="040" ind1=" " ind2=" ">
      <subfield code="a">IAC</subfield>
      <subfield code="c">IAC</subfield>
      <subfield code="d">VA@</subfield>
    </datafield>
    <datafield tag="049" ind1=" " ind2=" ">
      <subfield code="a">VA@U</subfield>
    </datafield>
    <datafield tag="245" ind1="0" ind2="4">
      <subfield code="a">The Birth of a legend</subfield>
      <subfield code="h">[videorecording] /</subfield>
      <subfield code="c">produced and directed by Matty Kemp ; written by Leslie Gargan.</subfield>
    </datafield>
    <datafield tag="260" ind1=" " ind2=" ">
      <subfield code="a">Davenport, Iowa :</subfield>
      <subfield code="b">Blackhawk Films,</subfield>
      <subfield code="c">[198-], c1966.</subfield>
    </datafield>
    <datafield tag="300" ind1=" " ind2=" ">
      <subfield code="a">1 videocassette (25 min.) :</subfield>
      <subfield code="b">sd., b&amp;w ;</subfield>
      <subfield code="c">1/2 in.</subfield>
    </datafield>
    <datafield tag="500" ind1=" " ind2=" ">
      <subfield code="a">VHS format [NTSC]</subfield>
    </datafield>
    <datafield tag="500" ind1=" " ind2=" ">
      <subfield code="a">Subtitle on container: A portrait of Mary Pickford.</subfield>
    </datafield>
    <datafield tag="500" ind1=" " ind2=" ">
      <subfield code="a">Originally produced as motion picture in 1966.</subfield>
    </datafield>
    <datafield tag="508" ind1=" " ind2=" ">
      <subfield code="a">Editor, Mario Mora ; narrator, Paul Frees.</subfield>
    </datafield>
    <datafield tag="520" ind1=" " ind2=" ">
      <subfield code="a">Mary Pickford's career in the early motion picture industry portrayed through excerts from newreels and from her films.</subfield>
    </datafield>
    <datafield tag="596" ind1=" " ind2=" ">
      <subfield code="a">20</subfield>
    </datafield>
    <datafield tag="600" ind1="1" ind2="0">
      <subfield code="a">Pickford, Mary,</subfield>
      <subfield code="d">1892-1979.</subfield>
    </datafield>
    <datafield tag="655" ind1=" " ind2="0">
      <subfield code="a">Documentary films.</subfield>
    </datafield>
    <datafield tag="700" ind1="1" ind2=" ">
      <subfield code="a">Kemp, Matty.</subfield>
    </datafield>
    <datafield tag="710" ind1="2" ind2=" ">
      <subfield code="a">Blackhawk Films.</subfield>
    </datafield>
    <datafield tag="999" ind1=" " ind2=" ">
      <subfield code="a">VIDEO .VHS3718</subfield>
      <subfield code="w">ALPHANUM</subfield>
      <subfield code="c">1</subfield>
      <subfield code="i">X001289824</subfield>
      <subfield code="d">5/17/2001</subfield>
      <subfield code="e">5/17/2001</subfield>
      <subfield code="l">VAULT</subfield>
      <subfield code="m">MEDIA-CTR</subfield>
      <subfield code="n">9</subfield>
      <subfield code="q">3</subfield>
      <subfield code="r">Y</subfield>
      <subfield code="s">Y</subfield>
      <subfield code="t">VIDEO-CASS</subfield>
      <subfield code="u">6/30/1996</subfield>
      <subfield code="x">H-NOTIS</subfield>
    </datafield>
  </record>