
  <record>
    <leader>03006cem a2200577 a 4500</leader>
    <controlfield tag="001">u1303088</controlfield>
    <controlfield tag="003">SIRSI</controlfield>
    <controlfield tag="007">aj-canzn</controlfield>
    <controlfield tag="008">861009s1984    it adg    b     0   eng  </controlfield>
    <datafield tag="010" ind1=" " ind2=" ">
      <subfield code="a">   86694895 /MAPS</subfield>
    </datafield>
    <datafield tag="017" ind1=" " ind2=" ">
      <subfield code="a">VA 238-330</subfield>
      <subfield code="b">U.S. Copyright Office</subfield>
    </datafield>
    <datafield tag="020" ind1=" " ind2=" ">
      <subfield code="a">0930084039 (Part 3)</subfield>
    </datafield>
    <datafield tag="020" ind1=" " ind2=" ">
      <subfield code="a">0930084063 (CTP set)</subfield>
    </datafield>
    <datafield tag="034" ind1="1" ind2=" ">
      <subfield code="a">a</subfield>
      <subfield code="b">1000</subfield>
    </datafield>
    <datafield tag="034" ind1="1" ind2=" ">
      <subfield code="a">a</subfield>
      <subfield code="b">10000</subfield>
    </datafield>
    <datafield tag="035" ind1=" " ind2=" ">
      <subfield code="a">(Sirsi) o14716513</subfield>
    </datafield>
    <datafield tag="035" ind1=" " ind2=" ">
      <subfield code="a">(OCoLC)14716513</subfield>
    </datafield>
    <datafield tag="040" ind1=" " ind2=" ">
      <subfield code="a">DLC</subfield>
      <subfield code="c">DLC</subfield>
      <subfield code="d">VA@</subfield>
    </datafield>
    <datafield tag="041" ind1=" " ind2=" ">
      <subfield code="a">eng</subfield>
      <subfield code="a">lat</subfield>
    </datafield>
    <datafield tag="049" ind1=" " ind2=" ">
      <subfield code="a">VA@@</subfield>
    </datafield>
    <datafield tag="050" ind1="0" ind2=" ">
      <subfield code="a">G6714.P76E15 s1</subfield>
      <subfield code="b">.R5</subfield>
    </datafield>
    <datafield tag="052" ind1=" " ind2=" ">
      <subfield code="a">6714</subfield>
      <subfield code="b">P76</subfield>
      <subfield code="b">P759</subfield>
    </datafield>
    <datafield tag="090" ind1=" " ind2=" ">
      <subfield code="a">DG70.P7</subfield>
      <subfield code="b">C645 pt.3</subfield>
    </datafield>
    <datafield tag="245" ind1="0" ind2="4">
      <subfield code="a">The RICA maps of Pompeii /</subfield>
      <subfield code="c">mis. e del. F. Federico ... [et al.] ; dis. R. Sponer.</subfield>
    </datafield>
    <datafield tag="255" ind1=" " ind2=" ">
      <subfield code="a">Scale 1:1,000.</subfield>
    </datafield>
    <datafield tag="255" ind1=" " ind2=" ">
      <subfield code="a">Scale 1:10,000.</subfield>
    </datafield>
    <datafield tag="260" ind1=" " ind2=" ">
      <subfield code="a">[Rome?] :</subfield>
      <subfield code="b">H.B. Van der Poel,</subfield>
      <subfield code="c">1984.</subfield>
    </datafield>
    <datafield tag="300" ind1=" " ind2=" ">
      <subfield code="a">7 maps :</subfield>
      <subfield code="b">col., plastic-coated ;</subfield>
      <subfield code="c">86 x 99 cm. or smaller, on sheets 100 x 101 cm., folded in portfolio 42 x 32 cm.</subfield>
    </datafield>
    <datafield tag="500" ind1=" " ind2=" ">
      <subfield code="a">Relief shown by contours, hachures, and spot heights on some sheets.</subfield>
    </datafield>
    <datafield tag="500" ind1=" " ind2=" ">
      <subfield code="a">On endpaper of map portfolio: Of one thousand copies of CTP--Pars III this is no. 296.</subfield>
    </datafield>
    <datafield tag="500" ind1=" " ind2=" ">
      <subfield code="a">In right lower margin of some sheets: Elev., Aerofotogrammetrica Nistri s.r.l.</subfield>
    </datafield>
    <datafield tag="500" ind1=" " ind2=" ">
      <subfield code="a">On portfolio spine: CTP III [insigne of University of Texas at Austin].</subfield>
    </datafield>
    <datafield tag="500" ind1=" " ind2=" ">
      <subfield code="a">Accompanied by photomap and aerial photographs on microfilm: The RICA aerial photograph of Pompeii--CTP pars III. 1 sheet : ill. ; 64 x 88 cm. -- Pompei Scavi, the first high-speed aerial photographs : preparatory to CTP III maps : MCMLXXXIV / H.B. VanderPoel. 4 film reels : b&amp;w ; 127 mm. and 70 mm., in box 33 cm.</subfield>
    </datafield>
    <datafield tag="500" ind1=" " ind2=" ">
      <subfield code="a">Text, directory of addresses of structures, and blank area on verso of some sheets.</subfield>
    </datafield>
    <datafield tag="500" ind1=" " ind2=" ">
      <subfield code="a">Issued with text: Corpus Topographicum Pompeianum.</subfield>
    </datafield>
    <datafield tag="505" ind1="0" ind2=" ">
      <subfield code="a">I. Pompeii W -- II. Pompeii E -- III. Pompeii W, planimetric map with elevations -- IV. Pompeii E, planimetric map with elevations -- V. Pompeii W, planimetric map, initial projection -- VI. Pompeii E, planimetric map, initial projection -- VII. Location of ancient sites, Pompeii [1:10,000].</subfield>
    </datafield>
    <datafield tag="596" ind1=" " ind2=" ">
      <subfield code="a">2 4</subfield>
    </datafield>
    <datafield tag="650" ind1=" " ind2="0">
      <subfield code="a">Excavations (Archaeology)</subfield>
      <subfield code="z">Italy</subfield>
      <subfield code="z">Pompeii (Extinct city)</subfield>
      <subfield code="v">Maps.</subfield>
    </datafield>
    <datafield tag="651" ind1=" " ind2="0">
      <subfield code="a">Pompeii (Extinct city)</subfield>
      <subfield code="v">Maps, Topographic.</subfield>
    </datafield>
    <datafield tag="651" ind1=" " ind2="0">
      <subfield code="a">Pompeii (Extinct city)</subfield>
      <subfield code="x">Photo maps.</subfield>
    </datafield>
    <datafield tag="651" ind1=" " ind2="0">
      <subfield code="a">Pompei Region (Italy)</subfield>
      <subfield code="x">Antiquities</subfield>
      <subfield code="v">Maps.</subfield>
    </datafield>
    <datafield tag="700" ind1="1" ind2=" ">
      <subfield code="a">VanderPoel, Halsted B.</subfield>
    </datafield>
    <datafield tag="700" ind1="1" ind2=" ">
      <subfield code="a">Federico, F.</subfield>
    </datafield>
    <datafield tag="700" ind1="1" ind2=" ">
      <subfield code="a">Sponer-Za, Renate.</subfield>
    </datafield>
    <datafield tag="710" ind1="2" ind2=" ">
      <subfield code="a">University of Texas at Austin.</subfield>
    </datafield>
    <datafield tag="730" ind1="0" ind2=" ">
      <subfield code="a">Corpus Topographicum Pompeianum.</subfield>
    </datafield>
    <datafield tag="740" ind1="0" ind2=" ">
      <subfield code="a">RICA aerial photograph of Pompeii--CTP pars III.</subfield>
    </datafield>
    <datafield tag="740" ind1="0" ind2=" ">
      <subfield code="a">Pompei Scavi, the first high-speed aerial photographs.</subfield>
    </datafield>
    <datafield tag="740" ind1="0" ind2=" ">
      <subfield code="a">CTP III maps.</subfield>
    </datafield>
    <datafield tag="999" ind1=" " ind2=" ">
      <subfield code="a">DG 70 .P7 C645 pt.3</subfield>
      <subfield code="w">MONO-SER</subfield>
      <subfield code="c">1</subfield>
      <subfield code="i">1303088-1001</subfield>
      <subfield code="d">6/30/1996</subfield>
      <subfield code="l">ALD-STKS</subfield>
      <subfield code="m">ALDERMAN</subfield>
      <subfield code="r">Y</subfield>
      <subfield code="s">Y</subfield>
      <subfield code="t">BOOK</subfield>
      <subfield code="u">6/30/1996</subfield>
      <subfield code="x">H-NOTIS</subfield>
    </datafield>
    <datafield tag="999" ind1=" " ind2=" ">
      <subfield code="a">DG 70 .P7 C645 pt.3</subfield>
      <subfield code="w">MONO-SER</subfield>
      <subfield code="c">1</subfield>
      <subfield code="i">1303088-2001</subfield>
      <subfield code="d">6/30/1996</subfield>
      <subfield code="l">FA-FOLIO</subfield>
      <subfield code="m">FINE-ARTS</subfield>
      <subfield code="r">N</subfield>
      <subfield code="s">Y</subfield>
      <subfield code="t">BOOK-NC</subfield>
      <subfield code="u">6/30/1996</subfield>
      <subfield code="x">H-NOTIS</subfield>
    </datafield>
  </record>