
  <record>
    <leader>02864cem a2200673 a 4500</leader>
    <controlfield tag="001">u1472234</controlfield>
    <controlfield tag="003">SIRSI</controlfield>
    <controlfield tag="005">20110103091053.0</controlfield>
    <controlfield tag="007">aj canzn</controlfield>
    <controlfield tag="008">811013m19809999dcuda  cp b  f  0   eng  </controlfield>
    <datafield tag="010" ind1=" " ind2=" ">
      <subfield code="a">   81691905</subfield>
    </datafield>
    <datafield tag="040" ind1=" " ind2=" ">
      <subfield code="a">DLC</subfield>
      <subfield code="c">DLC</subfield>
      <subfield code="d">GPO</subfield>
      <subfield code="d">OCL</subfield>
      <subfield code="d">OCLCQ</subfield>
    </datafield>
    <datafield tag="019" ind1=" " ind2=" ">
      <subfield code="a">7407870</subfield>
    </datafield>
    <datafield tag="034" ind1="1" ind2=" ">
      <subfield code="a">a</subfield>
      <subfield code="b">127000</subfield>
      <subfield code="d">W1140000</subfield>
      <subfield code="e">W1090000</subfield>
      <subfield code="f">N0420000</subfield>
      <subfield code="g">N0370000</subfield>
    </datafield>
    <datafield tag="035" ind1=" " ind2=" ">
      <subfield code="a">(OCoLC)8112390</subfield>
      <subfield code="z">(OCoLC)7407870</subfield>
    </datafield>
    <datafield tag="035" ind1=" " ind2=" ">
      <subfield code="a">(Sirsi) o07407870</subfield>
    </datafield>
    <datafield tag="035" ind1=" " ind2=" ">
      <subfield code="a">(Notis) AGJ9128</subfield>
    </datafield>
    <datafield tag="035" ind1=" " ind2=" ">
      <subfield code="a">(GPO)82000650</subfield>
    </datafield>
    <datafield tag="035" ind1=" " ind2=" ">
      <subfield code="a">(Sirsi) o82000645</subfield>
    </datafield>
    <datafield tag="035" ind1=" " ind2=" ">
      <subfield code="a">(Notis) AGJ9123</subfield>
    </datafield>
    <datafield tag="035" ind1=" " ind2=" ">
      <subfield code="a">(GPO)82000645</subfield>
    </datafield>
    <datafield tag="035" ind1=" " ind2=" ">
      <subfield code="a">(Sirsi) o82000646</subfield>
    </datafield>
    <datafield tag="035" ind1=" " ind2=" ">
      <subfield code="a">(Notis) AGJ9124</subfield>
    </datafield>
    <datafield tag="035" ind1=" " ind2=" ">
      <subfield code="a">(GPO)82000646</subfield>
    </datafield>
    <datafield tag="035" ind1=" " ind2=" ">
      <subfield code="a">(Sirsi) o82000647</subfield>
    </datafield>
    <datafield tag="035" ind1=" " ind2=" ">
      <subfield code="a">(Notis) AGJ9125</subfield>
    </datafield>
    <datafield tag="035" ind1=" " ind2=" ">
      <subfield code="a">(GPO)82000647</subfield>
    </datafield>
    <datafield tag="035" ind1=" " ind2=" ">
      <subfield code="a">(Sirsi) o82000648</subfield>
    </datafield>
    <datafield tag="035" ind1=" " ind2=" ">
      <subfield code="a">(Notis) AGJ9126</subfield>
    </datafield>
    <datafield tag="035" ind1=" " ind2=" ">
      <subfield code="a">(GPO)82000648</subfield>
    </datafield>
    <datafield tag="035" ind1=" " ind2=" ">
      <subfield code="a">(Sirsi) o82000649</subfield>
    </datafield>
    <datafield tag="035" ind1=" " ind2=" ">
      <subfield code="a">(Notis) AGJ9127</subfield>
    </datafield>
    <datafield tag="035" ind1=" " ind2=" ">
      <subfield code="a">(GPO)82000649</subfield>
    </datafield>
    <datafield tag="043" ind1=" " ind2=" ">
      <subfield code="a">n-us-ut</subfield>
    </datafield>
    <datafield tag="050" ind1="0" ind2="0">
      <subfield code="a">G4341.G4 s127</subfield>
      <subfield code="b">.U5</subfield>
    </datafield>
    <datafield tag="052" ind1=" " ind2=" ">
      <subfield code="a">4341</subfield>
    </datafield>
    <datafield tag="074" ind1=" " ind2=" ">
      <subfield code="a">629-B</subfield>
    </datafield>
    <datafield tag="086" ind1="0" ind2=" ">
      <subfield code="a">I 53.11:Ut 1/2</subfield>
    </datafield>
    <datafield tag="110" ind1="1" ind2=" ">
      <subfield code="a">United States.</subfield>
      <subfield code="b">Bureau of Land Management.</subfield>
    </datafield>
    <datafield tag="245" ind1="1" ind2="0">
      <subfield code="a">State of Utah, land ownership and public management /</subfield>
      <subfield code="c">U.S. Department of the Interior, Bureau of Land Management.</subfield>
    </datafield>
    <datafield tag="255" ind1=" " ind2=" ">
      <subfield code="a">Scale [ca. 1:127,000] ;</subfield>
      <subfield code="b">Polyconic proj.</subfield>
      <subfield code="c">(W 114⁰--W 109⁰/N 42⁰--N 37⁰).</subfield>
    </datafield>
    <datafield tag="260" ind1=" " ind2=" ">
      <subfield code="a">[Washington?] :</subfield>
      <subfield code="b">The Bureau,</subfield>
      <subfield code="c">1980-</subfield>
    </datafield>
    <datafield tag="300" ind1=" " ind2=" ">
      <subfield code="a">maps :</subfield>
      <subfield code="b">col. ;</subfield>
      <subfield code="c">93 x 78 cm. or smaller.</subfield>
    </datafield>
    <datafield tag="500" ind1=" " ind2=" ">
      <subfield code="a">Relief shown by contours and hachures.</subfield>
    </datafield>
    <datafield tag="500" ind1=" " ind2=" ">
      <subfield code="a">"The base grid was compiled by the Bureau of Land Management from official records of cadastral surveys."</subfield>
    </datafield>
    <datafield tag="500" ind1=" " ind2=" ">
      <subfield code="a">"The land status was compiled for printing by the Bureau of Land Management from the official federal records with additional data furnished by the Utah State Land Board, and U.S. Forest Service maps."</subfield>
    </datafield>
    <datafield tag="500" ind1=" " ind2=" ">
      <subfield code="a">Geographical coverage complete in 23 sheets.</subfield>
    </datafield>
    <datafield tag="500" ind1=" " ind2=" ">
      <subfield code="a">Includes sheet index.</subfield>
    </datafield>
    <datafield tag="505" ind1="0" ind2=" ">
      <subfield code="a">Wasatch-F.</subfield>
    </datafield>
    <datafield tag="650" ind1=" " ind2="0">
      <subfield code="a">Land use</subfield>
      <subfield code="z">Utah</subfield>
      <subfield code="v">Maps.</subfield>
    </datafield>
    <datafield tag="650" ind1=" " ind2="0">
      <subfield code="a">Public lands</subfield>
      <subfield code="z">Utah</subfield>
      <subfield code="v">Maps.</subfield>
    </datafield>
    <datafield tag="994" ind1=" " ind2=" ">
      <subfield code="a">Z0</subfield>
      <subfield code="b">VA@</subfield>
    </datafield>
    <datafield tag="596" ind1=" " ind2=" ">
      <subfield code="a">2</subfield>
    </datafield>
    <datafield tag="999" ind1=" " ind2=" ">
      <subfield code="a">I 53.11:Ut 1/2/-</subfield>
      <subfield code="w">SUDOC</subfield>
      <subfield code="c">1</subfield>
      <subfield code="i">1472234-1001</subfield>
      <subfield code="d">6/30/1996</subfield>
      <subfield code="l">DOC-US</subfield>
      <subfield code="m">ALDERMAN</subfield>
      <subfield code="r">Y</subfield>
      <subfield code="s">Y</subfield>
      <subfield code="t">DOCUMENT</subfield>
      <subfield code="u">6/30/1996</subfield>
      <subfield code="x">H-NOTIS</subfield>
    </datafield>
    <datafield tag="999" ind1=" " ind2=" ">
      <subfield code="a">I 53.11:Ut 1/2</subfield>
      <subfield code="w">SUDOC</subfield>
      <subfield code="c">1</subfield>
      <subfield code="i">1472234-2001</subfield>
      <subfield code="d">6/30/1996</subfield>
      <subfield code="l">DOC-US</subfield>
      <subfield code="m">ALDERMAN</subfield>
      <subfield code="r">Y</subfield>
      <subfield code="s">Y</subfield>
      <subfield code="t">DOCUMENT</subfield>
      <subfield code="u">6/30/1996</subfield>
      <subfield code="x">H-NOTIS</subfield>
    </datafield>
    <datafield tag="999" ind1=" " ind2=" ">
      <subfield code="a">I 53.11:Ut 1/2/-</subfield>
      <subfield code="w">SUDOC</subfield>
      <subfield code="c">1</subfield>
      <subfield code="i">1472234-3001</subfield>
      <subfield code="d">6/30/1996</subfield>
      <subfield code="l">DOC-US</subfield>
      <subfield code="m">ALDERMAN</subfield>
      <subfield code="r">Y</subfield>
      <subfield code="s">Y</subfield>
      <subfield code="t">DOCUMENT</subfield>
      <subfield code="u">6/30/1996</subfield>
      <subfield code="x">H-NOTIS</subfield>
    </datafield>
    <datafield tag="999" ind1=" " ind2=" ">
      <subfield code="a">I 53.11:Ut 1/2/-</subfield>
      <subfield code="w">SUDOC</subfield>
      <subfield code="c">1</subfield>
      <subfield code="i">1472234-4001</subfield>
      <subfield code="d">6/30/1996</subfield>
      <subfield code="l">DOC-US</subfield>
      <subfield code="m">ALDERMAN</subfield>
      <subfield code="r">Y</subfield>
      <subfield code="s">Y</subfield>
      <subfield code="t">DOCUMENT</subfield>
      <subfield code="u">6/30/1996</subfield>
      <subfield code="x">H-NOTIS</subfield>
    </datafield>
    <datafield tag="999" ind1=" " ind2=" ">
      <subfield code="a">I 53.11:Ut 1/2/-</subfield>
      <subfield code="w">SUDOC</subfield>
      <subfield code="c">1</subfield>
      <subfield code="i">1472234-5001</subfield>
      <subfield code="d">6/30/1996</subfield>
      <subfield code="l">DOC-US</subfield>
      <subfield code="m">ALDERMAN</subfield>
      <subfield code="r">Y</subfield>
      <subfield code="s">Y</subfield>
      <subfield code="t">DOCUMENT</subfield>
      <subfield code="u">6/30/1996</subfield>
      <subfield code="x">H-NOTIS</subfield>
    </datafield>
    <datafield tag="999" ind1=" " ind2=" ">
      <subfield code="a">I 53.11:Ut 1/2/-</subfield>
      <subfield code="w">SUDOC</subfield>
      <subfield code="c">1</subfield>
      <subfield code="i">1472234-6001</subfield>
      <subfield code="d">6/30/1996</subfield>
      <subfield code="l">DOC-US</subfield>
      <subfield code="m">ALDERMAN</subfield>
      <subfield code="r">Y</subfield>
      <subfield code="s">Y</subfield>
      <subfield code="t">DOCUMENT</subfield>
      <subfield code="u">6/30/1996</subfield>
      <subfield code="x">H-NOTIS</subfield>
    </datafield>
  </record>