
  <record>
    <leader>01825cmm a2200373 a 4500</leader>
    <controlfield tag="001">u2632635</controlfield>
    <controlfield tag="003">SIRSI</controlfield>
    <controlfield tag="008">      s1995    ilu        b        heb  </controlfield>
    <datafield tag="035" ind1=" " ind2=" ">
      <subfield code="a">(Sirsi) a2632635</subfield>
    </datafield>
    <datafield tag="040" ind1=" " ind2=" ">
      <subfield code="a">VA@</subfield>
      <subfield code="c">VA@</subfield>
    </datafield>
    <datafield tag="041" ind1="0" ind2=" ">
      <subfield code="a">heb</subfield>
      <subfield code="g">eng</subfield>
    </datafield>
    <datafield tag="049" ind1=" " ind2=" ">
      <subfield code="a">VA@@</subfield>
    </datafield>
    <datafield tag="082" ind1="1" ind2="0">
      <subfield code="a">296.1</subfield>
      <subfield code="2">12</subfield>
    </datafield>
    <datafield tag="090" ind1=" " ind2=" ">
      <subfield code="a">BM499.5</subfield>
      <subfield code="b">.E6 1999</subfield>
    </datafield>
    <datafield tag="130" ind1="0" ind2=" ">
      <subfield code="a">Talmud.</subfield>
      <subfield code="l">English.</subfield>
    </datafield>
    <datafield tag="245" ind1="1" ind2="4">
      <subfield code="a">The Soncino Talmud</subfield>
      <subfield code="h">[electronic resource].</subfield>
    </datafield>
    <datafield tag="246" ind1="1" ind2=" ">
      <subfield code="i">Title on container:</subfield>
      <subfield code="a">Soncino Talmud on CD ROM</subfield>
    </datafield>
    <datafield tag="256" ind1=" " ind2=" ">
      <subfield code="a">Computer data and program.</subfield>
    </datafield>
    <datafield tag="260" ind1=" " ind2=" ">
      <subfield code="a">Chicago, IL :</subfield>
      <subfield code="b">Davka Corp. in conjunction with Judaica Press,</subfield>
      <subfield code="c">c1995.</subfield>
    </datafield>
    <datafield tag="300" ind1=" " ind2=" ">
      <subfield code="a">1 computer optical disc ;</subfield>
      <subfield code="c">4 3/4 in. +</subfield>
      <subfield code="e">2 computer disks (3 1/2 in.) + 1 manual (61 p.)</subfield>
    </datafield>
    <datafield tag="500" ind1=" " ind2=" ">
      <subfield code="a">Title from disc label.</subfield>
    </datafield>
    <datafield tag="500" ind1=" " ind2=" ">
      <subfield code="a">Accompanied by 2 program disks with title: The CD ROM Judaic classics library (version 2).</subfield>
    </datafield>
    <datafield tag="520" ind1=" " ind2=" ">
      <subfield code="a">Original text of the Soncino Press English translation of the Talmud. Also includes an English translation of Mishnah, Hebrew and Aramaic text of the Talmud, Hebrew text of the Mishnah, and Hebrew text of Rashi's commentary on the Talmud.</subfield>
    </datafield>
    <datafield tag="538" ind1=" " ind2=" ">
      <subfield code="a">System requirements: IBM PC or compatible (386 or higher); 4MB RAM; Windows 3.1 or higher; CD ROM Judaic classics library (version 2); VGA or SVGA display; CD-ROM drive.</subfield>
    </datafield>
    <datafield tag="596" ind1=" " ind2=" ">
      <subfield code="a">2</subfield>
    </datafield>
    <datafield tag="630" ind1="0" ind2="0">
      <subfield code="a">Talmud</subfield>
      <subfield code="l">English</subfield>
      <subfield code="v">Databases.</subfield>
    </datafield>
    <datafield tag="700" ind1="0" ind2=" ">
      <subfield code="a">Rashi,</subfield>
      <subfield code="d">1040-1105.</subfield>
    </datafield>
    <datafield tag="710" ind1="2" ind2=" ">
      <subfield code="a">Judaica Press.</subfield>
    </datafield>
    <datafield tag="710" ind1="2" ind2=" ">
      <subfield code="a">Soncino Press.</subfield>
    </datafield>
    <datafield tag="710" ind1="2" ind2=" ">
      <subfield code="a">Davka Corporation.</subfield>
    </datafield>
    <datafield tag="730" ind1="0" ind2="2">
      <subfield code="a">CD ROM Judaic classics library.</subfield>
    </datafield>
    <datafield tag="753" ind1=" " ind2=" ">
      <subfield code="a">CD-ROM player</subfield>
    </datafield>
    <datafield tag="999" ind1=" " ind2=" ">
      <subfield code="a">BM499.5 .E6 1999 disc</subfield>
      <subfield code="w">LC</subfield>
      <subfield code="c">1</subfield>
      <subfield code="i">X004877107</subfield>
      <subfield code="d">10/27/2008</subfield>
      <subfield code="e">10/11/2008</subfield>
      <subfield code="j">2</subfield>
      <subfield code="l">ALD-STKS</subfield>
      <subfield code="m">ALDERMAN</subfield>
      <subfield code="n">5</subfield>
      <subfield code="q">1</subfield>
      <subfield code="r">Y</subfield>
      <subfield code="s">Y</subfield>
      <subfield code="t">CD-ROM</subfield>
      <subfield code="u">11/26/1996</subfield>
      <subfield code="x">MEMBERCOPY</subfield>
    </datafield>
    <datafield tag="999" ind1=" " ind2=" ">
      <subfield code="a">BM499.5 .E6 1999 disc</subfield>
      <subfield code="w">LC</subfield>
      <subfield code="c">1</subfield>
      <subfield code="i">X004877107</subfield>
      <subfield code="d">10/27/2008</subfield>
      <subfield code="e">10/11/2008</subfield>
      <subfield code="j">2</subfield>
      <subfield code="l">ALD-STKS</subfield>
      <subfield code="m">ALDERMAN</subfield>
      <subfield code="n">5</subfield>
      <subfield code="q">1</subfield>
      <subfield code="r">Y</subfield>
      <subfield code="s">Y</subfield>
      <subfield code="t">CD-ROM</subfield>
      <subfield code="u">11/26/1996</subfield>
      <subfield code="x">MEMBERCOPY</subfield>
    </datafield>
  </record>