
  <record>
    <leader>01721ngm a2200397Ia 4500</leader>
    <controlfield tag="001">u2650022</controlfield>
    <controlfield tag="003">SIRSI</controlfield>
    <controlfield tag="005">20001205164816.0</controlfield>
    <controlfield tag="007">vf cdahou</controlfield>
    <controlfield tag="008">980812p19961993nju027 e          vleng d</controlfield>
    <datafield tag="035" ind1=" " ind2=" ">
      <subfield code="a">(Sirsi) o39681074</subfield>
    </datafield>
    <datafield tag="040" ind1=" " ind2=" ">
      <subfield code="a">PMU</subfield>
      <subfield code="c">PMU</subfield>
    </datafield>
    <datafield tag="049" ind1=" " ind2=" ">
      <subfield code="a">VA@@</subfield>
    </datafield>
    <datafield tag="090" ind1=" " ind2=" ">
      <subfield code="a">HB601</subfield>
      <subfield code="b">.S87 1996</subfield>
    </datafield>
    <datafield tag="245" ind1="0" ind2="0">
      <subfield code="a">Supply theory</subfield>
      <subfield code="h">[videorecording] :</subfield>
      <subfield code="b">the behavior of profit-maximizing firms /</subfield>
      <subfield code="c">production of TV Ontario ; a presentation of Films for the Humanities and Sciences.</subfield>
    </datafield>
    <datafield tag="260" ind1=" " ind2=" ">
      <subfield code="a">Princeton, N.J. :</subfield>
      <subfield code="b">Films for the Humanities and Sciences,</subfield>
      <subfield code="c">c1996.</subfield>
    </datafield>
    <datafield tag="300" ind1=" " ind2=" ">
      <subfield code="a">1 videocassette (27 min.) :</subfield>
      <subfield code="b">sd., col. ;</subfield>
      <subfield code="c">1/2/ in.</subfield>
    </datafield>
    <datafield tag="440" ind1=" " ind2="0">
      <subfield code="a">Introductory economics</subfield>
    </datafield>
    <datafield tag="500" ind1=" " ind2=" ">
      <subfield code="a">Videocassette release of a 1993 production.</subfield>
    </datafield>
    <datafield tag="500" ind1=" " ind2=" ">
      <subfield code="a">"FFH 6506" -- Container.</subfield>
    </datafield>
    <datafield tag="508" ind1=" " ind2=" ">
      <subfield code="a">Director/producer, Susan Murgatroyd ; video, Denis Paul ; editor, David Erwin ; consultant, Bill Scarth.</subfield>
    </datafield>
    <datafield tag="511" ind1="1" ind2=" ">
      <subfield code="a">Hosts, John Palmer, Ellen Roseman.</subfield>
    </datafield>
    <datafield tag="520" ind1=" " ind2=" ">
      <subfield code="a">This program examines the theory of the firm based on the assumption of profit maximization along with other concepts and rules relevant to private enterprise.</subfield>
    </datafield>
    <datafield tag="538" ind1=" " ind2=" ">
      <subfield code="a">VHS format [NTSC]</subfield>
    </datafield>
    <datafield tag="596" ind1=" " ind2=" ">
      <subfield code="a">20</subfield>
    </datafield>
    <datafield tag="650" ind1=" " ind2="0">
      <subfield code="a">Profit.</subfield>
    </datafield>
    <datafield tag="650" ind1=" " ind2="0">
      <subfield code="a">Economics.</subfield>
    </datafield>
    <datafield tag="655" ind1=" " ind2="0">
      <subfield code="a">Documentary films.</subfield>
    </datafield>
    <datafield tag="700" ind1="1" ind2=" ">
      <subfield code="a">Palmer, John.</subfield>
    </datafield>
    <datafield tag="700" ind1="1" ind2=" ">
      <subfield code="a">Roseman, Ellen,</subfield>
      <subfield code="d">1947-</subfield>
    </datafield>
    <datafield tag="700" ind1="1" ind2=" ">
      <subfield code="a">Murgatroyd, Susan.</subfield>
    </datafield>
    <datafield tag="710" ind1="2" ind2=" ">
      <subfield code="a">Films for the Humanities (Firm)</subfield>
    </datafield>
    <datafield tag="710" ind1="2" ind2=" ">
      <subfield code="a">TVOntario.</subfield>
    </datafield>
    <datafield tag="994" ind1=" " ind2=" ">
      <subfield code="a">E0</subfield>
      <subfield code="b">VA@</subfield>
    </datafield>
    <datafield tag="999" ind1=" " ind2=" ">
      <subfield code="a">VIDEO .VHS8969</subfield>
      <subfield code="w">ALPHANUM</subfield>
      <subfield code="c">1</subfield>
      <subfield code="i">X004077269</subfield>
      <subfield code="d">6/22/2008</subfield>
      <subfield code="e">6/22/2008</subfield>
      <subfield code="l">VAULT</subfield>
      <subfield code="m">MEDIA-CTR</subfield>
      <subfield code="n">15</subfield>
      <subfield code="r">Y</subfield>
      <subfield code="s">Y</subfield>
      <subfield code="t">VIDEO-CASS</subfield>
      <subfield code="u">2/13/1997</subfield>
      <subfield code="x">MEMBERCOPY</subfield>
    </datafield>
    <datafield tag="999" ind1=" " ind2=" ">
      <subfield code="a">VIDEO .VHS8969</subfield>
      <subfield code="w">ALPHANUM</subfield>
      <subfield code="c">1</subfield>
      <subfield code="i">X004077269</subfield>
      <subfield code="d">6/22/2008</subfield>
      <subfield code="e">6/22/2008</subfield>
      <subfield code="l">VAULT</subfield>
      <subfield code="m">MEDIA-CTR</subfield>
      <subfield code="n">15</subfield>
      <subfield code="r">Y</subfield>
      <subfield code="s">Y</subfield>
      <subfield code="t">VIDEO-CASS</subfield>
      <subfield code="u">2/13/1997</subfield>
      <subfield code="x">MEMBERCOPY</subfield>
    </datafield>
  </record>