
  <record>
    <leader>03483cas a2200673 a 4500</leader>
    <controlfield tag="001">u3409585</controlfield>
    <controlfield tag="003">OCoLC</controlfield>
    <controlfield tag="005">20010221155628.0</controlfield>
    <controlfield tag="006">s x1   s   f0   a0</controlfield>
    <controlfield tag="006">m        d        </controlfield>
    <controlfield tag="007">co ugu--------</controlfield>
    <controlfield tag="008">940215d1993199udcu x1  s s  f0    0eng d</controlfield>
    <datafield tag="010" ind1=" " ind2=" ">
      <subfield code="a">   94660673</subfield>
      <subfield code="z">sn 94027630</subfield>
    </datafield>
    <datafield tag="012" ind1=" " ind2=" ">
      <subfield code="i">9404</subfield>
    </datafield>
    <datafield tag="022" ind1="0" ind2=" ">
      <subfield code="a">1075-993X</subfield>
    </datafield>
    <datafield tag="035" ind1=" " ind2=" ">
      <subfield code="a">(Sirsi) b2903349</subfield>
    </datafield>
    <datafield tag="035" ind1=" " ind2=" ">
      <subfield code="a">b2903349</subfield>
    </datafield>
    <datafield tag="037" ind1=" " ind2=" ">
      <subfield code="b">New Orders, Supt. of Docs., P.O. Box 371954, Pittsburgh, PA 15250-7954</subfield>
    </datafield>
    <datafield tag="040" ind1=" " ind2=" ">
      <subfield code="a">GPO</subfield>
      <subfield code="c">GPO</subfield>
      <subfield code="d">DLC</subfield>
      <subfield code="d">NSD</subfield>
      <subfield code="d">HUL</subfield>
      <subfield code="d">COO</subfield>
      <subfield code="d">GPO</subfield>
      <subfield code="d">EYM</subfield>
      <subfield code="d">OCL</subfield>
      <subfield code="d">AGL</subfield>
      <subfield code="d">DLC</subfield>
      <subfield code="d">IUL</subfield>
      <subfield code="d">HVL</subfield>
      <subfield code="d">GPO</subfield>
      <subfield code="d">IUL</subfield>
      <subfield code="d">GPO</subfield>
      <subfield code="d">IUL</subfield>
      <subfield code="d">DLC</subfield>
      <subfield code="d">EBZ</subfield>
    </datafield>
    <datafield tag="042" ind1=" " ind2=" ">
      <subfield code="a">lc</subfield>
      <subfield code="a">nsdp</subfield>
    </datafield>
    <datafield tag="043" ind1=" " ind2=" ">
      <subfield code="a">n-us---</subfield>
    </datafield>
    <datafield tag="049" ind1=" " ind2=" ">
      <subfield code="a">VALL</subfield>
    </datafield>
    <datafield tag="050" ind1="0" ind2="0">
      <subfield code="a">JX232</subfield>
      <subfield code="u">&lt;1996 00837&gt;</subfield>
      <subfield code="u">&lt;LL AUTO&gt;</subfield>
    </datafield>
    <datafield tag="070" ind1="0" ind2=" ">
      <subfield code="a">JX232.U55</subfield>
    </datafield>
    <datafield tag="072" ind1=" " ind2="0">
      <subfield code="a">X800</subfield>
    </datafield>
    <datafield tag="074" ind1=" " ind2=" ">
      <subfield code="a">0863-B</subfield>
    </datafield>
    <datafield tag="082" ind1="1" ind2="0">
      <subfield code="a">351</subfield>
      <subfield code="2">12</subfield>
    </datafield>
    <datafield tag="086" ind1="0" ind2=" ">
      <subfield code="a">S 1.142/2:</subfield>
    </datafield>
    <datafield tag="110" ind1="1" ind2=" ">
      <subfield code="a">United States.</subfield>
      <subfield code="b">Dept. of State.</subfield>
    </datafield>
    <datafield tag="210" ind1="0" ind2=" ">
      <subfield code="a">U.S. foreign aff. CD-ROM</subfield>
    </datafield>
    <datafield tag="222" ind1=" " ind2="0">
      <subfield code="a">U.S. foreign affairs on CD-ROM</subfield>
    </datafield>
    <datafield tag="245" ind1="1" ind2="0">
      <subfield code="a">U.S. foreign affairs on CD-ROM</subfield>
      <subfield code="h">[electronic resource] :</subfield>
      <subfield code="b">USFAC /</subfield>
      <subfield code="c">Bureau of Public Affairs, Office of Public Communication, U.S. Department of State.</subfield>
    </datafield>
    <datafield tag="246" ind1="2" ind2=" ">
      <subfield code="a">US foreign affairs on CD ROM</subfield>
    </datafield>
    <datafield tag="246" ind1="3" ind2=" ">
      <subfield code="a">United States foreign affairs on CD-ROM</subfield>
    </datafield>
    <datafield tag="246" ind1="1" ind2="3">
      <subfield code="a">USFAC</subfield>
    </datafield>
    <datafield tag="260" ind1=" " ind2=" ">
      <subfield code="a">Washington, D.C. :</subfield>
      <subfield code="b">The Office :</subfield>
      <subfield code="b">For sale by the [Supt. of Docs.,] U.S. G.P.O.,</subfield>
      <subfield code="c">1993-</subfield>
    </datafield>
    <datafield tag="300" ind1=" " ind2=" ">
      <subfield code="a">computer laser optical discs ;</subfield>
      <subfield code="c">4 3/4 in.</subfield>
    </datafield>
    <datafield tag="310" ind1=" " ind2=" ">
      <subfield code="a">Irregular,</subfield>
      <subfield code="b">199 -</subfield>
    </datafield>
    <datafield tag="321" ind1=" " ind2=" ">
      <subfield code="a">Quarterly,</subfield>
      <subfield code="b">Jan. 1990-Sept. 1994-&lt;1995&gt;</subfield>
    </datafield>
    <datafield tag="321" ind1=" " ind2=" ">
      <subfield code="a">Annual,</subfield>
      <subfield code="b">Jan. 1990-May 1993</subfield>
    </datafield>
    <datafield tag="362" ind1="0" ind2=" ">
      <subfield code="a">Jan. 1990-May 1993-</subfield>
    </datafield>
    <datafield tag="500" ind1=" " ind2=" ">
      <subfield code="a">Title from title screen.</subfield>
    </datafield>
    <datafield tag="515" ind1=" " ind2=" ">
      <subfield code="a">Vols. for    -1996 cumulative from Jan. 1990; for 1997-   from 1993.</subfield>
    </datafield>
    <datafield tag="516" ind1="8" ind2=" ">
      <subfield code="a">Disc characteristics: CD-ROM (ISO 9660 standard)</subfield>
    </datafield>
    <datafield tag="520" ind1=" " ind2=" ">
      <subfield code="a">Contains various Dept. of State publications, including: US Department of State dispatch and its supplement issues; current Background Notes for all countries; daily press briefings for 1991; reports submitted to Congress; and current regional maps from the Office of the Geographer.</subfield>
    </datafield>
    <datafield tag="538" ind1=" " ind2=" ">
      <subfield code="a">System requirements for Windows: 386 or faster computer with mouse; minimum of 4MB of RAM; Windows 3.1 or later (95 or NT); ISO 9660 CD-ROM drive and MS CD-ROM Extensions 2.11 or later; 6MB free space on hard drive.</subfield>
    </datafield>
    <datafield tag="538" ind1=" " ind2=" ">
      <subfield code="a">System requirements for Macintosh: 68020 (Macintosh II series) or better; System 7 or better; minimum of 4MB of RAM; CD-ROM drive with Foreign File Access V4.02 or greater and ISO 9660 file access V5.02 or greater installed in extensions; 6MB free space on hard drive.</subfield>
    </datafield>
    <datafield tag="538" ind1=" " ind2=" ">
      <subfield code="a">System requirements for UNIX: SunOS, Solaris, HP-UX, AIX or IRIX; minimum 4MB RAM; ISO 9660 CD-ROM drive; 6MB free space on hard drive.</subfield>
    </datafield>
    <datafield tag="596" ind1=" " ind2=" ">
      <subfield code="a">17</subfield>
    </datafield>
    <datafield tag="651" ind1=" " ind2="0">
      <subfield code="a">United States</subfield>
      <subfield code="x">Foreign relations</subfield>
      <subfield code="v">Periodicals.</subfield>
    </datafield>
    <datafield tag="655" ind1=" " ind2="7">
      <subfield code="a">CD-ROMs.</subfield>
      <subfield code="2">lcsh</subfield>
    </datafield>
    <datafield tag="710" ind1="1" ind2=" ">
      <subfield code="a">United States.</subfield>
      <subfield code="b">Dept. of State.</subfield>
      <subfield code="b">Office of Public Communication.</subfield>
    </datafield>
    <datafield tag="780" ind1="0" ind2="0">
      <subfield code="t">U.S. foreign policy on CD-ROM</subfield>
    </datafield>
    <datafield tag="787" ind1="1" ind2=" ">
      <subfield code="t">US Department of State dispatch</subfield>
      <subfield code="x">1051-7693</subfield>
      <subfield code="w">(DLC)   90660311</subfield>
      <subfield code="w">(OCoLC)22105966</subfield>
    </datafield>
    <datafield tag="850" ind1=" " ind2=" ">
      <subfield code="a">DLC</subfield>
      <subfield code="a">DNAL</subfield>
      <subfield code="a">InU</subfield>
      <subfield code="a">MiU</subfield>
      <subfield code="a">NIC</subfield>
    </datafield>
    <datafield tag="936" ind1=" " ind2=" ">
      <subfield code="a">Vol. 5, no. 1 (Jan. 1993-Apr. 1997) LIC</subfield>
    </datafield>
    <datafield tag="994" ind1=" " ind2=" ">
      <subfield code="a">E0</subfield>
      <subfield code="b">VAL</subfield>
    </datafield>
    <datafield tag="999" ind1=" " ind2=" ">
      <subfield code="a">S 1.142/2: 4 no.1 Jan.1990-May 1996</subfield>
      <subfield code="w">SUDOC-PER</subfield>
      <subfield code="c">1</subfield>
      <subfield code="i">35007001020738</subfield>
      <subfield code="d">12/19/1999</subfield>
      <subfield code="l">LAW2-MEDIA</subfield>
      <subfield code="m">LAW</subfield>
      <subfield code="r">Y</subfield>
      <subfield code="s">Y</subfield>
      <subfield code="t">CD-ROM</subfield>
      <subfield code="u">12/18/1999</subfield>
      <subfield code="x">INNOPACX</subfield>
    </datafield>
    <datafield tag="999" ind1=" " ind2=" ">
      <subfield code="a">S 1.142/2: 6 no.1 Jan.1993-Mar.1998</subfield>
      <subfield code="w">SUDOC-PER</subfield>
      <subfield code="c">1</subfield>
      <subfield code="i">35007002847626</subfield>
      <subfield code="d">12/19/1999</subfield>
      <subfield code="l">LAW2-MEDIA</subfield>
      <subfield code="m">LAW</subfield>
      <subfield code="r">Y</subfield>
      <subfield code="s">Y</subfield>
      <subfield code="t">CD-ROM</subfield>
      <subfield code="u">12/18/1999</subfield>
      <subfield code="x">INNOPACX</subfield>
    </datafield>
  </record>