
  <record>
    <leader>02750cms a2200493 a 4500</leader>
    <controlfield tag="001">u3423044</controlfield>
    <controlfield tag="006">sar     s  f0    0</controlfield>
    <controlfield tag="007">couugu        </controlfield>
    <controlfield tag="008">950627c19949999dcu        d f      eng d</controlfield>
    <datafield tag="010" ind1=" " ind2=" ">
      <subfield code="a">   95655290</subfield>
      <subfield code="z">sn 95027499</subfield>
    </datafield>
    <datafield tag="035" ind1=" " ind2=" ">
      <subfield code="a">(Sirsi) b3477149</subfield>
    </datafield>
    <datafield tag="035" ind1=" " ind2=" ">
      <subfield code="a">b3477149</subfield>
    </datafield>
    <datafield tag="040" ind1=" " ind2=" ">
      <subfield code="a">GPO</subfield>
      <subfield code="c">GPO</subfield>
      <subfield code="d">CLU</subfield>
      <subfield code="d">HUL</subfield>
      <subfield code="d">MYG</subfield>
      <subfield code="d">DLC</subfield>
      <subfield code="d">EYM</subfield>
      <subfield code="d">OCL</subfield>
      <subfield code="d">DLC</subfield>
      <subfield code="d">AGL</subfield>
      <subfield code="d">IUL</subfield>
      <subfield code="d">GPO</subfield>
    </datafield>
    <datafield tag="043" ind1=" " ind2=" ">
      <subfield code="a">n-us---</subfield>
    </datafield>
    <datafield tag="049" ind1=" " ind2=" ">
      <subfield code="a">VALM</subfield>
    </datafield>
    <datafield tag="050" ind1="0" ind2="0">
      <subfield code="a">HC101</subfield>
      <subfield code="u">&lt;1996 00844&gt; &lt;MRC&gt;</subfield>
    </datafield>
    <datafield tag="074" ind1=" " ind2=" ">
      <subfield code="a">0228-A</subfield>
    </datafield>
    <datafield tag="074" ind1=" " ind2=" ">
      <subfield code="a">0228-A (online)</subfield>
    </datafield>
    <datafield tag="086" ind1="0" ind2=" ">
      <subfield code="a">C 59.11/1:</subfield>
    </datafield>
    <datafield tag="130" ind1="0" ind2=" ">
      <subfield code="a">Survey of current business (CD-ROM version)</subfield>
    </datafield>
    <datafield tag="245" ind1="0" ind2="0">
      <subfield code="a">Survey of current business</subfield>
      <subfield code="h">[electronic resource]</subfield>
    </datafield>
    <datafield tag="260" ind1=" " ind2=" ">
      <subfield code="a">[Washington] :</subfield>
      <subfield code="b">U.S. Dept. of Commerce, Economics and Statistics Administration, Bureau of Economic Analysis,</subfield>
      <subfield code="c">[1995?-</subfield>
    </datafield>
    <datafield tag="300" ind1=" " ind2=" ">
      <subfield code="a">computer laser optical discs ;</subfield>
      <subfield code="c">4 3/4 in.</subfield>
    </datafield>
    <datafield tag="310" ind1=" " ind2=" ">
      <subfield code="a">Annual.</subfield>
    </datafield>
    <datafield tag="362" ind1="0" ind2=" ">
      <subfield code="a">Vol. 74 (1994)-</subfield>
    </datafield>
    <datafield tag="500" ind1=" " ind2=" ">
      <subfield code="a">Title from title screen.</subfield>
    </datafield>
    <datafield tag="515" ind1=" " ind2=" ">
      <subfield code="a">Each issue also contains selected major articles from 1987 to the prior year (i.e. issue for 1995 contains articles from 1987-1994)</subfield>
    </datafield>
    <datafield tag="516" ind1="8" ind2=" ">
      <subfield code="a">Contains files in PDF format including Acrobat Exchange software for access, &lt;1995-&gt;</subfield>
    </datafield>
    <datafield tag="520" ind1=" " ind2=" ">
      <subfield code="a">Presents current statistical data on economic activity.</subfield>
    </datafield>
    <datafield tag="530" ind1=" " ind2=" ">
      <subfield code="a">Some contents of some issues also available via Internet (PDF file only) at the Bureau of Economic Analysis Web site from STAT-USA (available at no charge at depository libraries)</subfield>
    </datafield>
    <datafield tag="538" ind1=" " ind2=" ">
      <subfield code="a">System requirements: 386 or faster personal computer (486 or faster recommended); Microsoft Windows 3.1 or greater; 4MB of RAM (8MB recommended); CD-ROM drive; 3.7MB of hard disk space; permanent swap file of at least 2MB.</subfield>
    </datafield>
    <datafield tag="580" ind1=" " ind2=" ">
      <subfield code="a">Cumulates monthly paper publication of the same title.</subfield>
    </datafield>
    <datafield tag="596" ind1=" " ind2=" ">
      <subfield code="a">17</subfield>
    </datafield>
    <datafield tag="650" ind1=" " ind2="0">
      <subfield code="a">Commercial statistics</subfield>
      <subfield code="v">Databases</subfield>
      <subfield code="v">Periodicals.</subfield>
    </datafield>
    <datafield tag="651" ind1=" " ind2="0">
      <subfield code="a">United States</subfield>
      <subfield code="x">Economic conditions</subfield>
      <subfield code="v">Statistics</subfield>
      <subfield code="v">Databases</subfield>
      <subfield code="v">Periodicals.</subfield>
    </datafield>
    <datafield tag="651" ind1=" " ind2="0">
      <subfield code="a">United States</subfield>
      <subfield code="x">Commerce</subfield>
      <subfield code="v">Statistics</subfield>
      <subfield code="v">Databases</subfield>
      <subfield code="v">Periodicals.</subfield>
    </datafield>
    <datafield tag="710" ind1="1" ind2=" ">
      <subfield code="a">United States.</subfield>
      <subfield code="b">Bureau of Economic Analysis.</subfield>
    </datafield>
    <datafield tag="787" ind1="1" ind2=" ">
      <subfield code="t">Survey of current business</subfield>
      <subfield code="x">0039-6222</subfield>
      <subfield code="w">(DLC)   21026819</subfield>
      <subfield code="w">(OCoLC)1697070.</subfield>
    </datafield>
    <datafield tag="856" ind1="7" ind2=" ">
      <subfield code="z">Online version:</subfield>
      <subfield code="u">http://www.stat-usa.gov/BEN/bea1/scb.html</subfield>
      <subfield code="2">http</subfield>
      <subfield code="z">(requires Adobe Acrobat software which is available for download)</subfield>
    </datafield>
    <datafield tag="941" ind1=" " ind2=" ">
      <subfield code="a">06-08-98</subfield>
      <subfield code="b">06-19-98</subfield>
      <subfield code="c">3</subfield>
    </datafield>
    <datafield tag="948" ind1=" " ind2=" ">
      <subfield code="a">06/08/98</subfield>
      <subfield code="b">06/19/98</subfield>
      <subfield code="c">06/08/98</subfield>
    </datafield>
    <datafield tag="999" ind1=" " ind2=" ">
      <subfield code="a">C 59.11/1: 1994</subfield>
      <subfield code="w">SUDOC-PER</subfield>
      <subfield code="c">1</subfield>
      <subfield code="i">35007000939706</subfield>
      <subfield code="d">12/19/1999</subfield>
      <subfield code="l">LAW2-MEDIA</subfield>
      <subfield code="m">LAW</subfield>
      <subfield code="r">Y</subfield>
      <subfield code="s">Y</subfield>
      <subfield code="t">CD-ROM</subfield>
      <subfield code="u">12/18/1999</subfield>
      <subfield code="x">INNOPAC</subfield>
    </datafield>
    <datafield tag="999" ind1=" " ind2=" ">
      <subfield code="a">C 59.11/1: 1995</subfield>
      <subfield code="w">SUDOC-PER</subfield>
      <subfield code="c">1</subfield>
      <subfield code="i">35007000939698</subfield>
      <subfield code="d">12/19/1999</subfield>
      <subfield code="l">LAW2-MEDIA</subfield>
      <subfield code="m">LAW</subfield>
      <subfield code="r">Y</subfield>
      <subfield code="s">Y</subfield>
      <subfield code="t">CD-ROM</subfield>
      <subfield code="u">12/18/1999</subfield>
      <subfield code="x">INNOPAC</subfield>
    </datafield>
    <datafield tag="999" ind1=" " ind2=" ">
      <subfield code="a">C 59.11/1: 1996</subfield>
      <subfield code="w">SUDOC-PER</subfield>
      <subfield code="c">1</subfield>
      <subfield code="i">35007000939680</subfield>
      <subfield code="d">12/19/1999</subfield>
      <subfield code="l">LAW2-MEDIA</subfield>
      <subfield code="m">LAW</subfield>
      <subfield code="r">Y</subfield>
      <subfield code="s">Y</subfield>
      <subfield code="t">CD-ROM</subfield>
      <subfield code="u">12/18/1999</subfield>
      <subfield code="x">INNOPAC</subfield>
    </datafield>
  </record>