
  <record>
    <leader>03433cgm a2200589Ia 4500</leader>
    <controlfield tag="001">u3425169</controlfield>
    <controlfield tag="003">OCoLC</controlfield>
    <controlfield tag="005">20030224151327.0</controlfield>
    <controlfield tag="007">vd cgaiz-</controlfield>
    <controlfield tag="008">980720p19981997xx 116            vleng d</controlfield>
    <datafield tag="020" ind1=" " ind2=" ">
      <subfield code="a">0780622251</subfield>
    </datafield>
    <datafield tag="035" ind1=" " ind2=" ">
      <subfield code="a">(Sirsi) b3587046</subfield>
    </datafield>
    <datafield tag="035" ind1=" " ind2=" ">
      <subfield code="a">(Sirsi) o39511802</subfield>
    </datafield>
    <datafield tag="040" ind1=" " ind2=" ">
      <subfield code="a">SDE</subfield>
      <subfield code="c">SDE</subfield>
      <subfield code="d">UIU</subfield>
      <subfield code="d">MFM</subfield>
      <subfield code="d">OCLCQ</subfield>
    </datafield>
    <datafield tag="041" ind1="1" ind2=" ">
      <subfield code="a">eng</subfield>
      <subfield code="a">fre</subfield>
      <subfield code="b">eng</subfield>
      <subfield code="b">fre</subfield>
      <subfield code="b">spa</subfield>
    </datafield>
    <datafield tag="049" ind1=" " ind2=" ">
      <subfield code="a">VALL</subfield>
    </datafield>
    <datafield tag="090" ind1=" " ind2=" ">
      <subfield code="a">PN1997</subfield>
      <subfield code="b">.S9 1998</subfield>
    </datafield>
    <datafield tag="092" ind1="0" ind2=" ">
      <subfield code="a">791.43653</subfield>
      <subfield code="b">Sw36</subfield>
      <subfield code="2">21</subfield>
    </datafield>
    <datafield tag="245" ind1="0" ind2="4">
      <subfield code="a">The Sweet hereafter</subfield>
      <subfield code="h">[videorecording] /</subfield>
      <subfield code="c">Alliance Communications presents in association with Fine Line Features an Ego Film Arts production ; a film by Atom Egoyan ; screenplay by Atom Egoyan ; produced by Camelia Frieberg and Atom Egoyan ; directed by Atom Egoyan.</subfield>
    </datafield>
    <datafield tag="250" ind1=" " ind2=" ">
      <subfield code="a">Widescreen version.</subfield>
    </datafield>
    <datafield tag="260" ind1=" " ind2=" ">
      <subfield code="a">[S.l.] :</subfield>
      <subfield code="b">New Line Home Video,</subfield>
      <subfield code="c">c1998.</subfield>
    </datafield>
    <datafield tag="300" ind1=" " ind2=" ">
      <subfield code="a">1 videodisc (ca. 116 min.) :</subfield>
      <subfield code="b">sd., col. ;</subfield>
      <subfield code="c">4 3/4 in.</subfield>
    </datafield>
    <datafield tag="440" ind1=" " ind2="0">
      <subfield code="a">New Line platinum series</subfield>
    </datafield>
    <datafield tag="500" ind1=" " ind2=" ">
      <subfield code="a">Title from container.</subfield>
    </datafield>
    <datafield tag="500" ind1=" " ind2=" ">
      <subfield code="a">Interactive menus includes cast biographies, filmgraphies and more.</subfield>
    </datafield>
    <datafield tag="500" ind1=" " ind2=" ">
      <subfield code="a">Originally released as a motion picture in 1997.</subfield>
    </datafield>
    <datafield tag="500" ind1=" " ind2=" ">
      <subfield code="a">Based on a novel by Russell Banks.</subfield>
    </datafield>
    <datafield tag="511" ind1="1" ind2=" ">
      <subfield code="a">Ian Holm, Maury Chaykin, Peter Donaldson, Bruce Greenwood, David Hemblen, Brooke Johnson, Arsinee Khanjian, Tom McCamus, Stephanie Morgenstern, Earl Pastko, Sarah Polley, Gabrielle Rose, Alberta Watson.</subfield>
    </datafield>
    <datafield tag="520" ind1=" " ind2=" ">
      <subfield code="a">Following a tragic schoolbus accident, high-profile lawyer Mitchell Stephens descends upon a small town. With promises of retribution and a class-action lawsuit filed on behalf of the grieving community, Stephens begins his investigation into the details of the crash. But beneath the town's calm, he uncovers a tangled web of lies, deceit and forbidden desires that mirrors his own troubled personal life. Gradually, we learn that Stephens has his own agenda, and that everyone has secrets to keep.</subfield>
    </datafield>
    <datafield tag="521" ind1="8" ind2=" ">
      <subfield code="a">Rated R.</subfield>
    </datafield>
    <datafield tag="538" ind1=" " ind2=" ">
      <subfield code="a">DVD.</subfield>
    </datafield>
    <datafield tag="546" ind1=" " ind2=" ">
      <subfield code="a">Languages: English and French. Subtitles: English, French and Spanish. Closed-captioned.</subfield>
    </datafield>
    <datafield tag="586" ind1="8" ind2=" ">
      <subfield code="a">"Winner 1997 Cannes Film Festival Grand Prix."</subfield>
    </datafield>
    <datafield tag="596" ind1=" " ind2=" ">
      <subfield code="a">17 20</subfield>
    </datafield>
    <datafield tag="650" ind1=" " ind2="0">
      <subfield code="a">School bus accidents</subfield>
      <subfield code="z">New York (State)</subfield>
      <subfield code="v">Drama.</subfield>
    </datafield>
    <datafield tag="650" ind1=" " ind2="0">
      <subfield code="a">Community life</subfield>
      <subfield code="z">New York (State)</subfield>
      <subfield code="v">Drama.</subfield>
    </datafield>
    <datafield tag="650" ind1=" " ind2="0">
      <subfield code="a">Films for the hearing impaired.</subfield>
    </datafield>
    <datafield tag="655" ind1=" " ind2="0">
      <subfield code="a">Feature films.</subfield>
    </datafield>
    <datafield tag="655" ind1=" " ind2="0">
      <subfield code="a">Films for the hearing impaired.</subfield>
    </datafield>
    <datafield tag="700" ind1="1" ind2=" ">
      <subfield code="a">Holm, Ian,</subfield>
      <subfield code="d">1931-</subfield>
    </datafield>
    <datafield tag="700" ind1="1" ind2=" ">
      <subfield code="a">Egoyan, Atom,</subfield>
      <subfield code="d">1960-</subfield>
    </datafield>
    <datafield tag="700" ind1="1" ind2=" ">
      <subfield code="a">Chaykin, Maury.</subfield>
    </datafield>
    <datafield tag="700" ind1="1" ind2=" ">
      <subfield code="a">Banks, Russell,</subfield>
      <subfield code="d">1940-</subfield>
      <subfield code="t">Sweet hereafter.</subfield>
    </datafield>
    <datafield tag="710" ind1="2" ind2=" ">
      <subfield code="a">Alliance Communications.</subfield>
    </datafield>
    <datafield tag="710" ind1="2" ind2=" ">
      <subfield code="a">New Line Home Video (Firm)</subfield>
    </datafield>
    <datafield tag="856" ind1="4" ind2="2">
      <subfield code="z">Internet Movie Database Summary and Reviews</subfield>
      <subfield code="u">http://www.imdb.com/title/tt0120255/</subfield>
    </datafield>
    <datafield tag="994" ind1=" " ind2=" ">
      <subfield code="a">Z0</subfield>
      <subfield code="b">VAL</subfield>
    </datafield>
    <datafield tag="999" ind1=" " ind2=" ">
      <subfield code="a">VIDEO .DVD00354</subfield>
      <subfield code="w">ALPHANUM</subfield>
      <subfield code="c">1</subfield>
      <subfield code="i">X004329849</subfield>
      <subfield code="d">5/3/2008</subfield>
      <subfield code="e">5/2/2008</subfield>
      <subfield code="l">VAULT</subfield>
      <subfield code="m">MEDIA-CTR</subfield>
      <subfield code="n">161</subfield>
      <subfield code="r">Y</subfield>
      <subfield code="s">Y</subfield>
      <subfield code="t">VIDEO-DVD</subfield>
      <subfield code="u">7/6/1999</subfield>
      <subfield code="x">ORIGINAL</subfield>
    </datafield>
    <datafield tag="999" ind1=" " ind2=" ">
      <subfield code="a">VIDEO .DVD00354</subfield>
      <subfield code="w">ALPHANUM</subfield>
      <subfield code="c">2</subfield>
      <subfield code="i">X004329850</subfield>
      <subfield code="d">5/12/2008</subfield>
      <subfield code="e">4/30/2007</subfield>
      <subfield code="l">VAULT</subfield>
      <subfield code="m">MEDIA-CTR</subfield>
      <subfield code="n">154</subfield>
      <subfield code="r">Y</subfield>
      <subfield code="s">Y</subfield>
      <subfield code="t">VIDEO-DVD</subfield>
      <subfield code="u">7/6/1999</subfield>
      <subfield code="x">ADD</subfield>
    </datafield>
    <datafield tag="999" ind1=" " ind2=" ">
      <subfield code="a">VIDEO .DVD00354</subfield>
      <subfield code="w">ALPHANUM</subfield>
      <subfield code="c">3</subfield>
      <subfield code="i">X004683932</subfield>
      <subfield code="d">5/5/2008</subfield>
      <subfield code="e">5/4/2008</subfield>
      <subfield code="l">VAULT</subfield>
      <subfield code="m">MEDIA-CTR</subfield>
      <subfield code="n">43</subfield>
      <subfield code="r">Y</subfield>
      <subfield code="s">Y</subfield>
      <subfield code="t">VIDEO-DVD</subfield>
      <subfield code="u">1/9/2004</subfield>
      <subfield code="x">ADD</subfield>
      <subfield code="z">RUSH</subfield>
    </datafield>
    <datafield tag="999" ind1=" " ind2=" ">
      <subfield code="a">VIDEO .DVD00354</subfield>
      <subfield code="w">ALPHANUM</subfield>
      <subfield code="c">4</subfield>
      <subfield code="i">X004683933</subfield>
      <subfield code="d">5/12/2008</subfield>
      <subfield code="e">4/1/2008</subfield>
      <subfield code="l">VAULT</subfield>
      <subfield code="m">MEDIA-CTR</subfield>
      <subfield code="n">25</subfield>
      <subfield code="r">Y</subfield>
      <subfield code="s">Y</subfield>
      <subfield code="t">VIDEO-DVD</subfield>
      <subfield code="u">1/9/2004</subfield>
      <subfield code="x">ADD</subfield>
      <subfield code="z">RUSH</subfield>
    </datafield>
    <datafield tag="999" ind1=" " ind2=" ">
      <subfield code="a">KLAUS DVD #83</subfield>
      <subfield code="w">ALPHANUM</subfield>
      <subfield code="c">1</subfield>
      <subfield code="i">35007005143189</subfield>
      <subfield code="d">3/2/2008</subfield>
      <subfield code="e">3/1/2008</subfield>
      <subfield code="l">LAW1-RSRV</subfield>
      <subfield code="m">LAW</subfield>
      <subfield code="n">96</subfield>
      <subfield code="p">$100.99</subfield>
      <subfield code="r">Y</subfield>
      <subfield code="s">Y</subfield>
      <subfield code="t">VIDEO-DVD</subfield>
      <subfield code="u">12/18/1999</subfield>
      <subfield code="x">INNOPAC</subfield>
    </datafield>
  </record>