
  <record>
    <leader>01560ngsaa2200325dc 4500</leader>
    <controlfield tag="001">u3425414</controlfield>
    <controlfield tag="008">800930 196619uunyu      {227}    0 u   e</controlfield>
    <datafield tag="035" ind1=" " ind2=" ">
      <subfield code="a">(Sirsi) b1526595</subfield>
    </datafield>
    <datafield tag="035" ind1=" " ind2=" ">
      <subfield code="a">b1526595</subfield>
    </datafield>
    <datafield tag="040" ind1=" " ind2=" ">
      <subfield code="a">AFU</subfield>
      <subfield code="c">AFU</subfield>
      <subfield code="d">m.c.</subfield>
      <subfield code="d">MUL</subfield>
      <subfield code="d">NYG</subfield>
      <subfield code="d">m/c</subfield>
    </datafield>
    <datafield tag="043" ind1=" " ind2=" ">
      <subfield code="a">n-us---</subfield>
    </datafield>
    <datafield tag="049" ind1=" " ind2=" ">
      <subfield code="a">VALL</subfield>
    </datafield>
    <datafield tag="130" ind1="0" ind2=" ">
      <subfield code="a">Law (B'nai B'rith. Anti-defamation League)</subfield>
    </datafield>
    <datafield tag="245" ind1="0" ind2="0">
      <subfield code="a">Law.</subfield>
    </datafield>
    <datafield tag="260" ind1=" " ind2=" ">
      <subfield code="a">[New York, N.Y.] :</subfield>
      <subfield code="b">Anti-Defamation League of B'nai B'rith,</subfield>
      <subfield code="c">1966-</subfield>
    </datafield>
    <datafield tag="300" ind1=" " ind2=" ">
      <subfield code="a">v. ;</subfield>
      <subfield code="c">28 cm.</subfield>
    </datafield>
    <datafield tag="310" ind1=" " ind2=" ">
      <subfield code="a">Irregular.</subfield>
    </datafield>
    <datafield tag="362" ind1="0" ind2=" ">
      <subfield code="a">Vol. 1, no. 1 (Jan. 1966)-</subfield>
    </datafield>
    <datafield tag="500" ind1=" " ind2=" ">
      <subfield code="a">Title from caption.</subfield>
    </datafield>
    <datafield tag="596" ind1=" " ind2=" ">
      <subfield code="a">17</subfield>
    </datafield>
    <datafield tag="650" ind1=" " ind2="0">
      <subfield code="a">Civil rights</subfield>
      <subfield code="z">United States</subfield>
      <subfield code="v">Periodicals.</subfield>
    </datafield>
    <datafield tag="710" ind1="2" ind2=" ">
      <subfield code="a">B'nai B'rith.</subfield>
      <subfield code="b">Anti-defamation League.</subfield>
    </datafield>
    <datafield tag="785" ind1="0" ind2="0">
      <subfield code="t">ADL law report.</subfield>
    </datafield>
    <datafield tag="941" ind1=" " ind2=" ">
      <subfield code="a">01-28-88</subfield>
      <subfield code="b">11-03-99</subfield>
      <subfield code="c">7</subfield>
    </datafield>
    <datafield tag="999" ind1=" " ind2=" ">
      <subfield code="a">P .L321</subfield>
      <subfield code="w">DEWEY-PER</subfield>
      <subfield code="c">1</subfield>
      <subfield code="i">3425414-1001</subfield>
      <subfield code="d">12/19/1999</subfield>
      <subfield code="l">LAW-FLOOR1</subfield>
      <subfield code="m">LAW</subfield>
      <subfield code="r">Y</subfield>
      <subfield code="s">Y</subfield>
      <subfield code="t">BOUND-JRNL</subfield>
      <subfield code="u">12/19/1999</subfield>
      <subfield code="x">INNOPACZ</subfield>
    </datafield>
    <datafield tag="999" ind1=" " ind2=" ">
      <subfield code="a">P .L321 V. 1 NO. 2 Apr 1966</subfield>
      <subfield code="w">DEWEY-PER</subfield>
      <subfield code="c">1</subfield>
      <subfield code="i">35007004273672</subfield>
      <subfield code="d">1/17/2000</subfield>
      <subfield code="l">LAW-FLOOR1</subfield>
      <subfield code="m">LAW</subfield>
      <subfield code="r">Y</subfield>
      <subfield code="s">Y</subfield>
      <subfield code="t">CUR-PER</subfield>
      <subfield code="u">1/17/2000</subfield>
      <subfield code="x">INNOPACZ</subfield>
    </datafield>
    <datafield tag="999" ind1=" " ind2=" ">
      <subfield code="a">P .L321 V. 2 NO. 1 Sep 1967</subfield>
      <subfield code="w">DEWEY-PER</subfield>
      <subfield code="c">1</subfield>
      <subfield code="i">35007004273680</subfield>
      <subfield code="d">1/17/2000</subfield>
      <subfield code="l">LAW-FLOOR1</subfield>
      <subfield code="m">LAW</subfield>
      <subfield code="r">Y</subfield>
      <subfield code="s">Y</subfield>
      <subfield code="t">CUR-PER</subfield>
      <subfield code="u">1/17/2000</subfield>
      <subfield code="x">INNOPACZ</subfield>
    </datafield>
    <datafield tag="999" ind1=" " ind2=" ">
      <subfield code="a">P .L321 V. 3 NO. 1 Sep 1968</subfield>
      <subfield code="w">DEWEY-PER</subfield>
      <subfield code="c">1</subfield>
      <subfield code="i">35007004273698</subfield>
      <subfield code="d">1/17/2000</subfield>
      <subfield code="l">LAW-FLOOR1</subfield>
      <subfield code="m">LAW</subfield>
      <subfield code="r">Y</subfield>
      <subfield code="s">Y</subfield>
      <subfield code="t">CUR-PER</subfield>
      <subfield code="u">1/17/2000</subfield>
      <subfield code="x">INNOPACZ</subfield>
    </datafield>
    <datafield tag="999" ind1=" " ind2=" ">
      <subfield code="a">P .L321 V. 4 NO. 1 Dec 1969</subfield>
      <subfield code="w">DEWEY-PER</subfield>
      <subfield code="c">1</subfield>
      <subfield code="i">35007004273706</subfield>
      <subfield code="d">1/17/2000</subfield>
      <subfield code="l">LAW-FLOOR1</subfield>
      <subfield code="m">LAW</subfield>
      <subfield code="r">Y</subfield>
      <subfield code="s">Y</subfield>
      <subfield code="t">CUR-PER</subfield>
      <subfield code="u">1/17/2000</subfield>
      <subfield code="x">INNOPACZ</subfield>
    </datafield>
    <datafield tag="999" ind1=" " ind2=" ">
      <subfield code="a">P .L321 V. 5 NO. 1 Spr 1978</subfield>
      <subfield code="w">DEWEY-PER</subfield>
      <subfield code="c">1</subfield>
      <subfield code="i">35007004273714</subfield>
      <subfield code="d">1/17/2000</subfield>
      <subfield code="l">LAW-FLOOR1</subfield>
      <subfield code="m">LAW</subfield>
      <subfield code="r">Y</subfield>
      <subfield code="s">Y</subfield>
      <subfield code="t">CUR-PER</subfield>
      <subfield code="u">1/17/2000</subfield>
      <subfield code="x">INNOPACZ</subfield>
    </datafield>
  </record>