
  <record>
    <leader>05202crsaa2200649dc 4500</leader>
    <controlfield tag="001">u3426654</controlfield>
    <controlfield tag="008">820514 19829999gw       {227}gl  0 u   g</controlfield>
    <datafield tag="010" ind1=" " ind2=" ">
      <subfield code="a">   83640202</subfield>
    </datafield>
    <datafield tag="022" ind1=" " ind2=" ">
      <subfield code="a">0721-880X</subfield>
    </datafield>
    <datafield tag="035" ind1=" " ind2=" ">
      <subfield code="a">(Sirsi) b2288254</subfield>
    </datafield>
    <datafield tag="035" ind1=" " ind2=" ">
      <subfield code="a">b2288254</subfield>
    </datafield>
    <datafield tag="040" ind1=" " ind2=" ">
      <subfield code="a">MLL</subfield>
      <subfield code="c">MLL</subfield>
      <subfield code="d">DLC</subfield>
      <subfield code="d">NST</subfield>
      <subfield code="d">DLC</subfield>
      <subfield code="d">NST</subfield>
    </datafield>
    <datafield tag="043" ind1=" " ind2=" ">
      <subfield code="a">e-gw---</subfield>
    </datafield>
    <datafield tag="049" ind1=" " ind2=" ">
      <subfield code="a">VALU</subfield>
    </datafield>
    <datafield tag="050" ind1="0" ind2=" ">
      <subfield code="a">KK5571.2</subfield>
      <subfield code="b">.N83</subfield>
    </datafield>
    <datafield tag="082" ind1="0" ind2=" ">
      <subfield code="a">342.43/06</subfield>
      <subfield code="a">344.3026</subfield>
      <subfield code="2">19</subfield>
    </datafield>
    <datafield tag="245" ind1="0" ind2="0">
      <subfield code="a">NVwZ :</subfield>
      <subfield code="b">Neue Zeitschrift für Verwaltungsrecht /</subfield>
      <subfield code="c">in Zusammenarbeit mit den Neuen juristischen Wochenschrift.</subfield>
    </datafield>
    <datafield tag="246" ind1="1" ind2="0">
      <subfield code="a">N.Vw.Z.</subfield>
    </datafield>
    <datafield tag="246" ind1="1" ind2="0">
      <subfield code="a">Neue Zeitschrift für Verwaltungsrecht.</subfield>
    </datafield>
    <datafield tag="260" ind1=" " ind2=" ">
      <subfield code="a">München :</subfield>
      <subfield code="b">C.H. Beck,</subfield>
      <subfield code="c">1982-</subfield>
    </datafield>
    <datafield tag="300" ind1=" " ind2=" ">
      <subfield code="a">v. ;</subfield>
      <subfield code="c">30 cm.</subfield>
    </datafield>
    <datafield tag="310" ind1=" " ind2=" ">
      <subfield code="a">Monthly.</subfield>
    </datafield>
    <datafield tag="362" ind1="0" ind2=" ">
      <subfield code="a">1. Jahrg., 1 (15. Feb. 1982)-</subfield>
    </datafield>
    <datafield tag="500" ind1=" " ind2=" ">
      <subfield code="a">Cover title.</subfield>
    </datafield>
    <datafield tag="515" ind1=" " ind2=" ">
      <subfield code="a">Erste-    Jahrg. called also 33.-    Jahrg. of Verwaltungsrechtsprechung in Deutschland.</subfield>
    </datafield>
    <datafield tag="596" ind1=" " ind2=" ">
      <subfield code="a">17</subfield>
    </datafield>
    <datafield tag="650" ind1=" " ind2="0">
      <subfield code="a">Administrative law</subfield>
      <subfield code="z">Germany (West)</subfield>
      <subfield code="v">Periodicals.</subfield>
    </datafield>
    <datafield tag="650" ind1=" " ind2="0">
      <subfield code="a">Administrative procedure</subfield>
      <subfield code="z">Germany (West)</subfield>
      <subfield code="v">Periodicals.</subfield>
    </datafield>
    <datafield tag="730" ind1="0" ind2=" ">
      <subfield code="a">Neue juristische Wochenschrift.</subfield>
    </datafield>
    <datafield tag="780" ind1="0" ind2="5">
      <subfield code="t">Verwaltungsrechtsprechung in Deutschland.</subfield>
    </datafield>
    <datafield tag="931" ind1=" " ind2=" ">
      <subfield code="a">c1048156</subfield>
      <subfield code="c">Bound: v.8(1989)-17(1998)</subfield>
      <subfield code="e">Subscription cancelled 4/99</subfield>
      <subfield code="j">IF89003402</subfield>
      <subfield code="k">Index published separately</subfield>
      <subfield code="a">1(Jan 99)-11(Nov 99)</subfield>
      <subfield code="l">two</subfield>
      <subfield code="n">1048156</subfield>
    </datafield>
    <datafield tag="941" ind1=" " ind2=" ">
      <subfield code="a">07-12-89</subfield>
      <subfield code="b">12-21-99</subfield>
      <subfield code="c">48</subfield>
    </datafield>
    <datafield tag="960" ind1=" " ind2=" ">
      <subfield code="a">o1723418</subfield>
      <subfield code="b">p</subfield>
      <subfield code="c">two</subfield>
      <subfield code="d"> -  -</subfield>
      <subfield code="e">-</subfield>
      <subfield code="f">1</subfield>
      <subfield code="g">-</subfield>
      <subfield code="h">-</subfield>
      <subfield code="i">-</subfield>
      <subfield code="j">-</subfield>
      <subfield code="k">$50.00</subfield>
      <subfield code="l">s</subfield>
      <subfield code="m">12002</subfield>
      <subfield code="m">12002</subfield>
      <subfield code="n">04-08-98</subfield>
      <subfield code="o">-</subfield>
      <subfield code="p">s</subfield>
      <subfield code="q">-</subfield>
      <subfield code="r">04-08-98</subfield>
      <subfield code="s">a</subfield>
      <subfield code="t">a</subfield>
      <subfield code="u">d</subfield>
      <subfield code="v">-</subfield>
      <subfield code="w">harr</subfield>
      <subfield code="x">eng</subfield>
      <subfield code="z">1</subfield>
    </datafield>
    <datafield tag="961" ind1=" " ind2=" ">
      <subfield code="a">o1723418</subfield>
      <subfield code="b">Inv# 283861 Dated:03-09-98 Amt:$5.00 On:04-29-98 Voucher#36198 For vol. 17, 1998 add chg.</subfield>
      <subfield code="b">Inv# VG 2310 Dated:07-13-98 Amt:$229.97 On:08-13-98 Voucher#36810 For 1999</subfield>
      <subfield code="b">Inv# 331835 Dated:03-08-99 Amt:$3.95 On:05-14-99 Voucher#38877 For vol. 18, 1999 add chg</subfield>
      <subfield code="g">SUBSCRIPTION CANCELLED per XL (kg fax 4/9/99)</subfield>
    </datafield>
    <datafield tag="999" ind1=" " ind2=" ">
      <subfield code="a">EUR GER .381 .N11 V. 18 p. 1-696 1999</subfield>
      <subfield code="w">DEWEY-PER</subfield>
      <subfield code="c">1</subfield>
      <subfield code="i">35007003428848</subfield>
      <subfield code="d">5/11/2000</subfield>
      <subfield code="e">4/12/2000</subfield>
      <subfield code="l">LAW2-FORGN</subfield>
      <subfield code="m">LAW</subfield>
      <subfield code="n">1</subfield>
      <subfield code="r">Y</subfield>
      <subfield code="s">Y</subfield>
      <subfield code="t">BOUND-JRNL</subfield>
      <subfield code="u">4/12/2000</subfield>
    </datafield>
    <datafield tag="999" ind1=" " ind2=" ">
      <subfield code="a">EUR GER .381 .N11 V. 18 p. 697-1384 1999</subfield>
      <subfield code="w">DEWEY-PER</subfield>
      <subfield code="c">1</subfield>
      <subfield code="i">35007001085608</subfield>
      <subfield code="d">6/26/2000</subfield>
      <subfield code="e">4/12/2000</subfield>
      <subfield code="l">LAW2-FORGN</subfield>
      <subfield code="m">LAW</subfield>
      <subfield code="n">1</subfield>
      <subfield code="r">Y</subfield>
      <subfield code="s">Y</subfield>
      <subfield code="t">BOUND-JRNL</subfield>
      <subfield code="u">4/12/2000</subfield>
    </datafield>
    <datafield tag="999" ind1=" " ind2=" ">
      <subfield code="a">EUR GER .381 .N11 V. 8 NO. 1-6 1989</subfield>
      <subfield code="w">DEWEY-PER</subfield>
      <subfield code="c">1</subfield>
      <subfield code="i">35007006015220</subfield>
      <subfield code="l">LAW2-FORGN</subfield>
      <subfield code="m">LAW</subfield>
      <subfield code="r">Y</subfield>
      <subfield code="s">Y</subfield>
      <subfield code="t">BOUND-JRNL</subfield>
      <subfield code="u">3/10/2005</subfield>
      <subfield code="x">CONV-ADD</subfield>
    </datafield>
    <datafield tag="999" ind1=" " ind2=" ">
      <subfield code="a">EUR GER .381 .N11 V. 8 NO. 7-12 1989</subfield>
      <subfield code="w">DEWEY-PER</subfield>
      <subfield code="c">1</subfield>
      <subfield code="i">35007006015238</subfield>
      <subfield code="l">LAW2-FORGN</subfield>
      <subfield code="m">LAW</subfield>
      <subfield code="r">Y</subfield>
      <subfield code="s">Y</subfield>
      <subfield code="t">BOUND-JRNL</subfield>
      <subfield code="u">3/10/2005</subfield>
      <subfield code="x">CONV-ADD</subfield>
    </datafield>
    <datafield tag="999" ind1=" " ind2=" ">
      <subfield code="a">EUR GER .381 .N11 V. 9 NO. 1-6 1990</subfield>
      <subfield code="w">DEWEY-PER</subfield>
      <subfield code="c">1</subfield>
      <subfield code="i">35007006015246</subfield>
      <subfield code="l">LAW2-FORGN</subfield>
      <subfield code="m">LAW</subfield>
      <subfield code="r">Y</subfield>
      <subfield code="s">Y</subfield>
      <subfield code="t">BOUND-JRNL</subfield>
      <subfield code="u">3/10/2005</subfield>
      <subfield code="x">CONV-ADD</subfield>
    </datafield>
    <datafield tag="999" ind1=" " ind2=" ">
      <subfield code="a">EUR GER .381 .N11 V. 9 NO. 7-12 1990</subfield>
      <subfield code="w">DEWEY-PER</subfield>
      <subfield code="c">1</subfield>
      <subfield code="i">35007006015253</subfield>
      <subfield code="l">LAW2-FORGN</subfield>
      <subfield code="m">LAW</subfield>
      <subfield code="r">Y</subfield>
      <subfield code="s">Y</subfield>
      <subfield code="t">BOUND-JRNL</subfield>
      <subfield code="u">3/10/2005</subfield>
      <subfield code="x">CONV-ADD</subfield>
    </datafield>
    <datafield tag="999" ind1=" " ind2=" ">
      <subfield code="a">EUR GER .381 .N11 V. 12 NO. 1-6 1993</subfield>
      <subfield code="w">DEWEY-PER</subfield>
      <subfield code="c">1</subfield>
      <subfield code="i">35007006015261</subfield>
      <subfield code="l">LAW2-FORGN</subfield>
      <subfield code="m">LAW</subfield>
      <subfield code="r">Y</subfield>
      <subfield code="s">Y</subfield>
      <subfield code="t">BOUND-JRNL</subfield>
      <subfield code="u">3/10/2005</subfield>
      <subfield code="x">CONV-ADD</subfield>
    </datafield>
    <datafield tag="999" ind1=" " ind2=" ">
      <subfield code="a">EUR GER .381 .N11 V. 12 NO. 7-12 1993</subfield>
      <subfield code="w">DEWEY-PER</subfield>
      <subfield code="c">1</subfield>
      <subfield code="i">35007006015279</subfield>
      <subfield code="l">LAW2-FORGN</subfield>
      <subfield code="m">LAW</subfield>
      <subfield code="r">Y</subfield>
      <subfield code="s">Y</subfield>
      <subfield code="t">BOUND-JRNL</subfield>
      <subfield code="u">3/10/2005</subfield>
      <subfield code="x">CONV-ADD</subfield>
    </datafield>
    <datafield tag="999" ind1=" " ind2=" ">
      <subfield code="a">EUR GER .381 .N11 V. 10 NO. 1-6 1991</subfield>
      <subfield code="w">DEWEY-PER</subfield>
      <subfield code="c">1</subfield>
      <subfield code="i">35007000545222</subfield>
      <subfield code="d">12/19/1999</subfield>
      <subfield code="l">LAW2-FORGN</subfield>
      <subfield code="m">LAW</subfield>
      <subfield code="r">Y</subfield>
      <subfield code="s">Y</subfield>
      <subfield code="t">BOUND-JRNL</subfield>
      <subfield code="u">12/19/1999</subfield>
      <subfield code="x">INNOPACZ</subfield>
    </datafield>
    <datafield tag="999" ind1=" " ind2=" ">
      <subfield code="a">EUR GER .381 .N11 V. 10 NO. 7-12 1991</subfield>
      <subfield code="w">DEWEY-PER</subfield>
      <subfield code="c">1</subfield>
      <subfield code="i">35007000545230</subfield>
      <subfield code="d">12/19/1999</subfield>
      <subfield code="l">LAW2-FORGN</subfield>
      <subfield code="m">LAW</subfield>
      <subfield code="r">Y</subfield>
      <subfield code="s">Y</subfield>
      <subfield code="t">BOUND-JRNL</subfield>
      <subfield code="u">12/19/1999</subfield>
      <subfield code="x">INNOPACZ</subfield>
    </datafield>
    <datafield tag="999" ind1=" " ind2=" ">
      <subfield code="a">EUR GER .381 .N11 V. 11 NO. 1-6 1992</subfield>
      <subfield code="w">DEWEY-PER</subfield>
      <subfield code="c">1</subfield>
      <subfield code="i">35007000638514</subfield>
      <subfield code="d">12/19/1999</subfield>
      <subfield code="l">LAW2-FORGN</subfield>
      <subfield code="m">LAW</subfield>
      <subfield code="r">Y</subfield>
      <subfield code="s">Y</subfield>
      <subfield code="t">BOUND-JRNL</subfield>
      <subfield code="u">12/19/1999</subfield>
      <subfield code="x">INNOPACZ</subfield>
    </datafield>
    <datafield tag="999" ind1=" " ind2=" ">
      <subfield code="a">EUR GER .381 .N11 V. 11 NO. 7-12 1992</subfield>
      <subfield code="w">DEWEY-PER</subfield>
      <subfield code="c">1</subfield>
      <subfield code="i">35007000638522</subfield>
      <subfield code="d">12/19/1999</subfield>
      <subfield code="l">LAW2-FORGN</subfield>
      <subfield code="m">LAW</subfield>
      <subfield code="r">Y</subfield>
      <subfield code="s">Y</subfield>
      <subfield code="t">BOUND-JRNL</subfield>
      <subfield code="u">12/19/1999</subfield>
      <subfield code="x">INNOPACZ</subfield>
    </datafield>
    <datafield tag="999" ind1=" " ind2=" ">
      <subfield code="a">EUR GER .381 .N11 V. 13 NO. 1-6 1994</subfield>
      <subfield code="w">DEWEY-PER</subfield>
      <subfield code="c">1</subfield>
      <subfield code="i">35007001400401</subfield>
      <subfield code="d">12/19/1999</subfield>
      <subfield code="l">LAW2-FORGN</subfield>
      <subfield code="m">LAW</subfield>
      <subfield code="r">Y</subfield>
      <subfield code="s">Y</subfield>
      <subfield code="t">BOUND-JRNL</subfield>
      <subfield code="u">12/19/1999</subfield>
      <subfield code="x">INNOPACZ</subfield>
    </datafield>
    <datafield tag="999" ind1=" " ind2=" ">
      <subfield code="a">EUR GER .381 .N11 V. 13 NO. 7-12 1994</subfield>
      <subfield code="w">DEWEY-PER</subfield>
      <subfield code="c">1</subfield>
      <subfield code="i">35007001400419</subfield>
      <subfield code="d">12/19/1999</subfield>
      <subfield code="l">LAW2-FORGN</subfield>
      <subfield code="m">LAW</subfield>
      <subfield code="r">Y</subfield>
      <subfield code="s">Y</subfield>
      <subfield code="t">BOUND-JRNL</subfield>
      <subfield code="u">12/19/1999</subfield>
      <subfield code="x">INNOPACZ</subfield>
    </datafield>
    <datafield tag="999" ind1=" " ind2=" ">
      <subfield code="a">EUR GER .381 .N11 V. 14 NO. 1-6 1995</subfield>
      <subfield code="w">DEWEY-PER</subfield>
      <subfield code="c">1</subfield>
      <subfield code="i">35007001423833</subfield>
      <subfield code="d">12/19/1999</subfield>
      <subfield code="l">LAW2-FORGN</subfield>
      <subfield code="m">LAW</subfield>
      <subfield code="r">Y</subfield>
      <subfield code="s">Y</subfield>
      <subfield code="t">BOUND-JRNL</subfield>
      <subfield code="u">12/19/1999</subfield>
      <subfield code="x">INNOPACZ</subfield>
    </datafield>
    <datafield tag="999" ind1=" " ind2=" ">
      <subfield code="a">EUR GER .381 .N11 V. 14 NO. 7-12 1995</subfield>
      <subfield code="w">DEWEY-PER</subfield>
      <subfield code="c">1</subfield>
      <subfield code="i">35007001629058</subfield>
      <subfield code="d">12/19/1999</subfield>
      <subfield code="l">LAW2-FORGN</subfield>
      <subfield code="m">LAW</subfield>
      <subfield code="r">Y</subfield>
      <subfield code="s">Y</subfield>
      <subfield code="t">BOUND-JRNL</subfield>
      <subfield code="u">12/19/1999</subfield>
      <subfield code="x">INNOPACZ</subfield>
    </datafield>
    <datafield tag="999" ind1=" " ind2=" ">
      <subfield code="a">EUR GER .381 .N11 V. 15 NO. 1-6 1996</subfield>
      <subfield code="w">DEWEY-PER</subfield>
      <subfield code="c">1</subfield>
      <subfield code="i">35007002709313</subfield>
      <subfield code="d">12/19/1999</subfield>
      <subfield code="l">LAW2-FORGN</subfield>
      <subfield code="m">LAW</subfield>
      <subfield code="r">Y</subfield>
      <subfield code="s">Y</subfield>
      <subfield code="t">BOUND-JRNL</subfield>
      <subfield code="u">12/19/1999</subfield>
      <subfield code="x">INNOPACZ</subfield>
    </datafield>
    <datafield tag="999" ind1=" " ind2=" ">
      <subfield code="a">EUR GER .381 .N11 V. 15 NO. 7-12 1996</subfield>
      <subfield code="w">DEWEY-PER</subfield>
      <subfield code="c">1</subfield>
      <subfield code="i">35007002449464</subfield>
      <subfield code="d">12/19/1999</subfield>
      <subfield code="l">LAW2-FORGN</subfield>
      <subfield code="m">LAW</subfield>
      <subfield code="r">Y</subfield>
      <subfield code="s">Y</subfield>
      <subfield code="t">BOUND-JRNL</subfield>
      <subfield code="u">12/19/1999</subfield>
      <subfield code="x">INNOPACZ</subfield>
    </datafield>
    <datafield tag="999" ind1=" " ind2=" ">
      <subfield code="a">EUR GER .381 .N11 V. 16 NO. 1-6 1997</subfield>
      <subfield code="w">DEWEY-PER</subfield>
      <subfield code="c">1</subfield>
      <subfield code="i">35007002368771</subfield>
      <subfield code="d">12/19/1999</subfield>
      <subfield code="l">LAW2-FORGN</subfield>
      <subfield code="m">LAW</subfield>
      <subfield code="r">Y</subfield>
      <subfield code="s">Y</subfield>
      <subfield code="t">BOUND-JRNL</subfield>
      <subfield code="u">12/19/1999</subfield>
      <subfield code="x">INNOPACZ</subfield>
    </datafield>
    <datafield tag="999" ind1=" " ind2=" ">
      <subfield code="a">EUR GER .381 .N11 V. 16 NO. 7-12 1997</subfield>
      <subfield code="w">DEWEY-PER</subfield>
      <subfield code="c">1</subfield>
      <subfield code="i">35007002497612</subfield>
      <subfield code="d">12/19/1999</subfield>
      <subfield code="l">LAW2-FORGN</subfield>
      <subfield code="m">LAW</subfield>
      <subfield code="r">Y</subfield>
      <subfield code="s">Y</subfield>
      <subfield code="t">BOUND-JRNL</subfield>
      <subfield code="u">12/19/1999</subfield>
      <subfield code="x">INNOPACZ</subfield>
    </datafield>
    <datafield tag="999" ind1=" " ind2=" ">
      <subfield code="a">EUR GER .381 .N11 V. 17 NO. 1-6 1998</subfield>
      <subfield code="w">DEWEY-PER</subfield>
      <subfield code="c">1</subfield>
      <subfield code="i">35007003909748</subfield>
      <subfield code="d">12/19/1999</subfield>
      <subfield code="l">LAW2-FORGN</subfield>
      <subfield code="m">LAW</subfield>
      <subfield code="r">Y</subfield>
      <subfield code="s">Y</subfield>
      <subfield code="t">BOUND-JRNL</subfield>
      <subfield code="u">12/19/1999</subfield>
      <subfield code="x">INNOPACZ</subfield>
    </datafield>
    <datafield tag="999" ind1=" " ind2=" ">
      <subfield code="a">EUR GER .381 .N11 V. 17 NO. 7-12 1998</subfield>
      <subfield code="w">DEWEY-PER</subfield>
      <subfield code="c">1</subfield>
      <subfield code="i">35007003909755</subfield>
      <subfield code="d">12/19/1999</subfield>
      <subfield code="l">LAW2-FORGN</subfield>
      <subfield code="m">LAW</subfield>
      <subfield code="r">Y</subfield>
      <subfield code="s">Y</subfield>
      <subfield code="t">BOUND-JRNL</subfield>
      <subfield code="u">12/19/1999</subfield>
      <subfield code="x">INNOPACZ</subfield>
    </datafield>
    <datafield tag="999" ind1=" " ind2=" ">
      <subfield code="a">EUR GER .381 .N11</subfield>
      <subfield code="w">DEWEY-PER</subfield>
      <subfield code="c">1</subfield>
      <subfield code="i">3426654-23001</subfield>
      <subfield code="d">12/19/1999</subfield>
      <subfield code="l">LAW-PAID</subfield>
      <subfield code="m">LAW</subfield>
      <subfield code="p">$50.00</subfield>
      <subfield code="r">Y</subfield>
      <subfield code="s">Y</subfield>
      <subfield code="t">BOUND-JRNL</subfield>
      <subfield code="u">12/19/1999</subfield>
      <subfield code="x">INNOPACZ</subfield>
    </datafield>
  </record>