
  <record>
    <leader>00712cgm a22002177a 4500</leader>
    <controlfield tag="001">u3456292</controlfield>
    <controlfield tag="008">000000s        xx nnn            sneng d</controlfield>
    <datafield tag="035" ind1=" " ind2=" ">
      <subfield code="a">(Sirsi) a3456292</subfield>
    </datafield>
    <datafield tag="040" ind1=" " ind2=" ">
      <subfield code="a">VA@</subfield>
      <subfield code="c">VA@</subfield>
    </datafield>
    <datafield tag="049" ind1=" " ind2=" ">
      <subfield code="a">VA@</subfield>
    </datafield>
    <datafield tag="100" ind1="0" ind2=" ">
      <subfield code="a">Leonardo,</subfield>
      <subfield code="c">da Vinci,</subfield>
      <subfield code="d">1452-1519.</subfield>
    </datafield>
    <datafield tag="245" ind1="1" ind2="0">
      <subfield code="a">Portrait of Leonardo de Vinci</subfield>
      <subfield code="h">[slide]</subfield>
    </datafield>
    <datafield tag="260" ind1=" " ind2=" ">
      <subfield code="c">after 1500.</subfield>
    </datafield>
    <datafield tag="300" ind1=" " ind2=" ">
      <subfield code="a">1 slide :</subfield>
      <subfield code="b">b&amp;w</subfield>
    </datafield>
    <datafield tag="340" ind1=" " ind2=" ">
      <subfield code="a">Pen and ink on paper.</subfield>
    </datafield>
    <datafield tag="505" ind1=" " ind2=" ">
      <subfield code="a">#1: Self-portrait sketch of Leonardo as an old man.</subfield>
    </datafield>
    <datafield tag="510" ind1="0" ind2=" ">
      <subfield code="a">Slide 1: ND623.L5M32, p.6.</subfield>
    </datafield>
    <datafield tag="596" ind1=" " ind2=" ">
      <subfield code="a">4</subfield>
    </datafield>
    <datafield tag="600" ind1="0" ind2="0">
      <subfield code="a">Leonardo,</subfield>
      <subfield code="c">da Vinci,</subfield>
      <subfield code="d">1452-1519</subfield>
      <subfield code="v">Portraits.</subfield>
    </datafield>
    <datafield tag="654" ind1=" " ind2=" ">
      <subfield code="a">Portraits.</subfield>
      <subfield code="2">aat</subfield>
    </datafield>
    <datafield tag="999" ind1=" " ind2=" ">
      <subfield code="a">I-16-Le-0-1</subfield>
      <subfield code="w">ALPHANUM</subfield>
      <subfield code="c">1</subfield>
      <subfield code="i">3456292-1001</subfield>
      <subfield code="l">FA-SLIDES</subfield>
      <subfield code="m">FINE-ARTS</subfield>
      <subfield code="r">Y</subfield>
      <subfield code="s">Y</subfield>
      <subfield code="t">SLIDE</subfield>
      <subfield code="u">12/20/1999</subfield>
      <subfield code="x">NON-OCLC</subfield>
    </datafield>
  </record>