
  <record>
    <leader>01457cjm a2200361Ia 4500</leader>
    <controlfield tag="001">u3456299</controlfield>
    <controlfield tag="003">OCoLC</controlfield>
    <controlfield tag="005">19991220111428.0</controlfield>
    <controlfield tag="007">ss lunjlcmnnue</controlfield>
    <controlfield tag="008">991216s1995    ii zzn   i          zxx d</controlfield>
    <datafield tag="028" ind1="0" ind2="0">
      <subfield code="a">NR0052 4</subfield>
      <subfield code="b">Sony Nād</subfield>
    </datafield>
    <datafield tag="028" ind1="0" ind2="0">
      <subfield code="a">NR0053 4</subfield>
      <subfield code="b">Sony Nād</subfield>
    </datafield>
    <datafield tag="028" ind1="0" ind2="0">
      <subfield code="a">N20052 4</subfield>
      <subfield code="b">Sony Nād</subfield>
    </datafield>
    <datafield tag="035" ind1=" " ind2=" ">
      <subfield code="a">(Sirsi) o43048826</subfield>
    </datafield>
    <datafield tag="040" ind1=" " ind2=" ">
      <subfield code="a">VA@</subfield>
      <subfield code="c">VA@</subfield>
    </datafield>
    <datafield tag="100" ind1="1" ind2=" ">
      <subfield code="a">Khan, Vilayat,</subfield>
      <subfield code="d">1928-2004</subfield>
    </datafield>
    <datafield tag="245" ind1="0" ind2="0">
      <subfield code="a">Ustad Vilayat Khan [sound recording] :</subfield>
      <subfield code="b">&amp; Shujaat Hussain.</subfield>
    </datafield>
    <datafield tag="246" ind1="3" ind2=" ">
      <subfield code="a">Ustad Vilayat Khan and Shujaat Hussain</subfield>
    </datafield>
    <datafield tag="260" ind1=" " ind2=" ">
      <subfield code="a">Mumbai :</subfield>
      <subfield code="b">Sony Nād,</subfield>
      <subfield code="c">p1995.</subfield>
    </datafield>
    <datafield tag="300" ind1=" " ind2=" ">
      <subfield code="a">2 sound cassettes :</subfield>
      <subfield code="b">analog.</subfield>
    </datafield>
    <datafield tag="440" ind1=" " ind2="0">
      <subfield code="a">Jugalbandi series</subfield>
    </datafield>
    <datafield tag="500" ind1=" " ind2=" ">
      <subfield code="a">Sitar and tabla music in Hindustani style.</subfield>
    </datafield>
    <datafield tag="500" ind1=" " ind2=" ">
      <subfield code="a">Program notes by Martin Clayton on container inserts.</subfield>
    </datafield>
    <datafield tag="500" ind1=" " ind2=" ">
      <subfield code="a">Sony Nād: N20052 4 (NR0052 4--NR0053 4).</subfield>
    </datafield>
    <datafield tag="505" ind1="0" ind2=" ">
      <subfield code="a">v. 1. Raga Shahana -- v. 2. Raga Shahana (cont'd) ; Raga Bageshree.</subfield>
    </datafield>
    <datafield tag="511" ind1="0" ind2=" ">
      <subfield code="a">Vilayat Khan, sitar ; Shujaat Hussain, surbahar ; Sabir Khan, tabla.</subfield>
    </datafield>
    <datafield tag="518" ind1=" " ind2=" ">
      <subfield code="a">Recorded live at the Royal Festival Hall, London, Nov. 25, 1993.</subfield>
    </datafield>
    <datafield tag="596" ind1=" " ind2=" ">
      <subfield code="a">12</subfield>
    </datafield>
    <datafield tag="650" ind1=" " ind2="0">
      <subfield code="a">Sitar and tabla music</subfield>
    </datafield>
    <datafield tag="700" ind1="1" ind2=" ">
      <subfield code="a">Khan, Shujaat.</subfield>
    </datafield>
    <datafield tag="994" ind1=" " ind2=" ">
      <subfield code="a">Z0</subfield>
      <subfield code="b">VA@</subfield>
    </datafield>
    <datafield tag="999" ind1=" " ind2=" ">
      <subfield code="a">C 1429 v.1</subfield>
      <subfield code="w">ALPHANUM</subfield>
      <subfield code="c">1</subfield>
      <subfield code="i">X004355412</subfield>
      <subfield code="d">10/3/2002</subfield>
      <subfield code="e">9/26/2002</subfield>
      <subfield code="j">2</subfield>
      <subfield code="l">MU-CIRCDSK</subfield>
      <subfield code="m">MUSIC</subfield>
      <subfield code="n">2</subfield>
      <subfield code="r">Y</subfield>
      <subfield code="s">Y</subfield>
      <subfield code="t">MUSIC-CASS</subfield>
      <subfield code="u">12/20/1999</subfield>
      <subfield code="x">ORIGINAL</subfield>
    </datafield>
    <datafield tag="999" ind1=" " ind2=" ">
      <subfield code="a">C 1429 v.2</subfield>
      <subfield code="w">ALPHANUM</subfield>
      <subfield code="c">1</subfield>
      <subfield code="i">X004355410</subfield>
      <subfield code="d">10/3/2002</subfield>
      <subfield code="e">9/26/2002</subfield>
      <subfield code="j">2</subfield>
      <subfield code="l">MU-CIRCDSK</subfield>
      <subfield code="m">MUSIC</subfield>
      <subfield code="n">2</subfield>
      <subfield code="r">Y</subfield>
      <subfield code="s">Y</subfield>
      <subfield code="t">MUSIC-CASS</subfield>
      <subfield code="u">1/3/2000</subfield>
      <subfield code="x">ADD</subfield>
    </datafield>
  </record>