
  <record>
    <leader>01592cpmaa2200313Ia 4500</leader>
    <controlfield tag="001">u3456322</controlfield>
    <controlfield tag="008">030721i18721909xx                  eng d</controlfield>
    <datafield tag="035" ind1=" " ind2=" ">
      <subfield code="a">(Sirsi) a3456322</subfield>
    </datafield>
    <datafield tag="040" ind1=" " ind2=" ">
      <subfield code="a">VA@</subfield>
      <subfield code="c">VA@</subfield>
      <subfield code="e">appm</subfield>
    </datafield>
    <datafield tag="049" ind1=" " ind2=" ">
      <subfield code="a">VA@@</subfield>
    </datafield>
    <datafield tag="100" ind1="1" ind2=" ">
      <subfield code="a">Palmer, Kennedy.</subfield>
    </datafield>
    <datafield tag="245" ind1="1" ind2="4">
      <subfield code="a">The bijou pen and ink sketches</subfield>
      <subfield code="h">[manuscript],</subfield>
      <subfield code="f">1872-1909.</subfield>
    </datafield>
    <datafield tag="300" ind1=" " ind2=" ">
      <subfield code="a">1</subfield>
      <subfield code="f">v.</subfield>
    </datafield>
    <datafield tag="520" ind1=" " ind2=" ">
      <subfield code="a">Palmer's 1872 "sketchbook" contains a presentation page to Dr. Greer Baughman, April 9, 1909. Among the sketches are Blandford Church prior to its restoration; and an illustration for R. H. Stoddard's "Bluebird in the snow."</subfield>
    </datafield>
    <datafield tag="520" ind1=" " ind2=" ">
      <subfield code="a">A letter, 1894 October 9,  C. W. Baughman to Palmer thanking him for sympathy on the death of his wife is pasted in the front of the volume.</subfield>
    </datafield>
    <datafield tag="520" ind1=" " ind2=" ">
      <subfield code="a">A note of dedication, 1909 April 7,  to an unknown recipient is pencilled in the front of the volume by Palmer.</subfield>
    </datafield>
    <datafield tag="524" ind1=" " ind2=" ">
      <subfield code="a">Kennedy Palmer. Bijou Pen and Ink Sketches, 1872-1909, Accession #11568, Special Collections Dept., University of Virginia Library, Charlottesville, Va.</subfield>
    </datafield>
    <datafield tag="545" ind1=" " ind2=" ">
      <subfield code="a">Foreman of the Richmond Enquirer job printing office.</subfield>
    </datafield>
    <datafield tag="596" ind1=" " ind2=" ">
      <subfield code="a">10</subfield>
    </datafield>
    <datafield tag="600" ind1="1" ind2="0">
      <subfield code="a">Baughman, Greer.</subfield>
    </datafield>
    <datafield tag="600" ind1="1" ind2="0">
      <subfield code="a">Stoddard, Richard Henry,</subfield>
      <subfield code="d">1825-1903.</subfield>
      <subfield code="t">Bluebird in the snow.</subfield>
    </datafield>
    <datafield tag="610" ind1="2" ind2="0">
      <subfield code="a">Blandford Church.</subfield>
    </datafield>
    <datafield tag="610" ind1="2" ind2="0">
      <subfield code="a">Bristol Parish Church.</subfield>
    </datafield>
    <datafield tag="655" ind1=" " ind2="7">
      <subfield code="a">Drawings.</subfield>
      <subfield code="2">aat</subfield>
    </datafield>
    <datafield tag="655" ind1=" " ind2="7">
      <subfield code="a">Illustrations.</subfield>
      <subfield code="2">aat</subfield>
    </datafield>
    <datafield tag="655" ind1=" " ind2="7">
      <subfield code="a">Letters (Correspondence)</subfield>
      <subfield code="2">aat</subfield>
    </datafield>
    <datafield tag="655" ind1=" " ind2="7">
      <subfield code="a">Line drawings.</subfield>
      <subfield code="2">aat</subfield>
    </datafield>
    <datafield tag="700" ind1="1" ind2=" ">
      <subfield code="a">Baughman, C. W. ,</subfield>
      <subfield code="e">correspondent.</subfield>
    </datafield>
    <datafield tag="999" ind1=" " ind2=" ">
      <subfield code="a">MSS 11568</subfield>
      <subfield code="w">ALPHANUM</subfield>
      <subfield code="c">1</subfield>
      <subfield code="i">3456322-1001</subfield>
      <subfield code="l">SC-STKS</subfield>
      <subfield code="m">SPEC-COLL</subfield>
      <subfield code="r">Y</subfield>
      <subfield code="s">Y</subfield>
      <subfield code="t">MANUSCRIPT</subfield>
      <subfield code="u">12/20/1999</subfield>
      <subfield code="x">ORIGINAL</subfield>
    </datafield>
  </record>