
  <record>
    <leader>01375nam a2200313 a 4500</leader>
    <controlfield tag="001">u3456831</controlfield>
    <controlfield tag="005">19991221094201.0</controlfield>
    <controlfield tag="007">ta</controlfield>
    <controlfield tag="008">990721s1999    enka   f b   0001 0 eng d</controlfield>
    <datafield tag="020" ind1=" " ind2=" ">
      <subfield code="a">0198296525 (hbk.) :</subfield>
      <subfield code="c"> 40.00</subfield>
    </datafield>
    <datafield tag="035" ind1=" " ind2=" ">
      <subfield code="a">(Sirsi) i0198296525</subfield>
    </datafield>
    <datafield tag="040" ind1=" " ind2=" ">
      <subfield code="a">StDuBDS</subfield>
      <subfield code="c">VA@</subfield>
    </datafield>
    <datafield tag="050" ind1=" " ind2="4">
      <subfield code="a">HB199</subfield>
      <subfield code="b">.O7 1999</subfield>
    </datafield>
    <datafield tag="082" ind1="0" ind2="4">
      <subfield code="a">330</subfield>
      <subfield code="2">21</subfield>
    </datafield>
    <datafield tag="245" ind1="0" ind2="0">
      <subfield code="a">Organized interests and self-regulation :</subfield>
      <subfield code="b">an economic approach /</subfield>
      <subfield code="c">edited by Bernardo Bortolotti and Gianluca Fiorentini.</subfield>
    </datafield>
    <datafield tag="260" ind1=" " ind2=" ">
      <subfield code="a">Oxford :</subfield>
      <subfield code="b">Oxford University Press,</subfield>
      <subfield code="c">1999.</subfield>
    </datafield>
    <datafield tag="300" ind1=" " ind2=" ">
      <subfield code="a">viii, 268 p. :</subfield>
      <subfield code="b">ill. ;</subfield>
      <subfield code="c">24 cm.</subfield>
    </datafield>
    <datafield tag="440" ind1=" " ind2="0">
      <subfield code="a">FEEM studies in economics</subfield>
    </datafield>
    <datafield tag="504" ind1=" " ind2=" ">
      <subfield code="a">Includes bibliographical references and index.</subfield>
    </datafield>
    <datafield tag="520" ind1=" " ind2=" ">
      <subfield code="a">This volume offers a mix of theoretical and empirical papers, addressing the issues of how organised interests affect legislation and self-regulation and investigating the incentives and the problems related to the private enforcement of law.</subfield>
    </datafield>
    <datafield tag="596" ind1=" " ind2=" ">
      <subfield code="a">2</subfield>
    </datafield>
    <datafield tag="650" ind1=" " ind2="0">
      <subfield code="a">Economics</subfield>
      <subfield code="v">Congresses.</subfield>
    </datafield>
    <datafield tag="650" ind1=" " ind2="0">
      <subfield code="a">Policy sciences</subfield>
      <subfield code="v">Congresses.</subfield>
    </datafield>
    <datafield tag="650" ind1=" " ind2="0">
      <subfield code="a">Business and politics</subfield>
      <subfield code="v">Congresses.</subfield>
    </datafield>
    <datafield tag="700" ind1="1" ind2=" ">
      <subfield code="a">Bortolotti, Bernardo.</subfield>
    </datafield>
    <datafield tag="700" ind1="1" ind2=" ">
      <subfield code="a">Fiorentini, Gianluca,</subfield>
      <subfield code="d">1962-</subfield>
    </datafield>
    <datafield tag="710" ind1="2" ind2=" ">
      <subfield code="a">Fondazione Eni Enrico Mattei.</subfield>
    </datafield>
    <datafield tag="909" ind1=" " ind2=" ">
      <subfield code="a">Undergraduate</subfield>
    </datafield>
    <datafield tag="999" ind1=" " ind2=" ">
      <subfield code="a">HB199 .O7 1999</subfield>
      <subfield code="w">LC</subfield>
      <subfield code="c">1</subfield>
      <subfield code="i">X004412274</subfield>
      <subfield code="d">11/21/2002</subfield>
      <subfield code="e">10/22/2002</subfield>
      <subfield code="l">ALD-STKS</subfield>
      <subfield code="m">ALDERMAN</subfield>
      <subfield code="n">3</subfield>
      <subfield code="p">$40.00</subfield>
      <subfield code="r">Y</subfield>
      <subfield code="s">Y</subfield>
      <subfield code="t">BOOK</subfield>
      <subfield code="u">1/4/2000</subfield>
      <subfield code="x">SUBJ-ANAL</subfield>
      <subfield code="z">EVERETT</subfield>
    </datafield>
  </record>