
  <record>
    <leader>01159cam a2200265I  4500</leader>
    <controlfield tag="001">u3457560</controlfield>
    <controlfield tag="003">OCoLC</controlfield>
    <controlfield tag="005">20000106095839.0</controlfield>
    <controlfield tag="007">hg alu---bncn</controlfield>
    <controlfield tag="008">831007s1895    arucf   c     000 0 eng d</controlfield>
    <datafield tag="011" ind1=" " ind2=" ">
      <subfield code="a">rc01-1258</subfield>
    </datafield>
    <datafield tag="035" ind1=" " ind2=" ">
      <subfield code="a">(Sirsi) o09990118</subfield>
    </datafield>
    <datafield tag="040" ind1=" " ind2=" ">
      <subfield code="a">FHM</subfield>
      <subfield code="c">FHM</subfield>
      <subfield code="d">CRL</subfield>
    </datafield>
    <datafield tag="100" ind1="1" ind2=" ">
      <subfield code="a">Pope, William F.,</subfield>
      <subfield code="d">1814-1895.</subfield>
    </datafield>
    <datafield tag="245" ind1="1" ind2="0">
      <subfield code="a">Early days in Arkansas</subfield>
      <subfield code="h">[microform] :</subfield>
      <subfield code="b">being for the most part the personal recollections of an old settle /</subfield>
      <subfield code="c">Judge William F. Pope. Arranged and ed. by his son Dunbar H. Pope. With an introduction by Hon. Sam W. Williams.</subfield>
    </datafield>
    <datafield tag="260" ind1=" " ind2=" ">
      <subfield code="a">Little Rock, Ark. :</subfield>
      <subfield code="b">F. W. Allsopp,</subfield>
      <subfield code="c">1895.</subfield>
    </datafield>
    <datafield tag="300" ind1=" " ind2=" ">
      <subfield code="a">330 p. :</subfield>
      <subfield code="b">front., plates, ports. ;</subfield>
      <subfield code="c">20 cm.</subfield>
    </datafield>
    <datafield tag="533" ind1=" " ind2=" ">
      <subfield code="a">Microopaque.</subfield>
      <subfield code="b">Louisville, Ky :</subfield>
      <subfield code="c">Lost Cause Press,</subfield>
      <subfield code="d">1961.</subfield>
      <subfield code="e">5 microopaques ; 8 x 13 cm.</subfield>
      <subfield code="f">(Travels in the Old South ; [v. 3, no. 89])</subfield>
    </datafield>
    <datafield tag="596" ind1=" " ind2=" ">
      <subfield code="a">2</subfield>
    </datafield>
    <datafield tag="650" ind1=" " ind2="0">
      <subfield code="a">Frontier and pioneer life</subfield>
      <subfield code="z">Arkansas.</subfield>
    </datafield>
    <datafield tag="651" ind1=" " ind2="0">
      <subfield code="a">Arkansas</subfield>
      <subfield code="x">History.</subfield>
    </datafield>
    <datafield tag="700" ind1="1" ind2=" ">
      <subfield code="a">Pope, Dunbar H.</subfield>
    </datafield>
    <datafield tag="830" ind1=" " ind2="0">
      <subfield code="a">Travels in the Old South ;</subfield>
      <subfield code="v">v. 3, no 89.</subfield>
    </datafield>
    <datafield tag="994" ind1=" " ind2=" ">
      <subfield code="a">Z0</subfield>
      <subfield code="b">VA@</subfield>
    </datafield>
    <datafield tag="999" ind1=" " ind2=" ">
      <subfield code="a">Miccard 4 v.3 no.89</subfield>
      <subfield code="w">ALPHANUM</subfield>
      <subfield code="c">1</subfield>
      <subfield code="i">3457560-1001</subfield>
      <subfield code="j">5</subfield>
      <subfield code="l">AL-MICFORM</subfield>
      <subfield code="m">ALDERMAN</subfield>
      <subfield code="r">Y</subfield>
      <subfield code="s">Y</subfield>
      <subfield code="t">MICROCARD</subfield>
      <subfield code="u">1/6/2000</subfield>
      <subfield code="x">CONVERSION</subfield>
    </datafield>
  </record>