
  <record>
    <leader>02459cmm a2200457Ia 4500</leader>
    <controlfield tag="001">u3488649</controlfield>
    <controlfield tag="003">OCoLC</controlfield>
    <controlfield tag="005">20000118105658.0</controlfield>
    <controlfield tag="007">co cga        </controlfield>
    <controlfield tag="008">980914s1997    gw         i        ger d</controlfield>
    <datafield tag="020" ind1=" " ind2=" ">
      <subfield code="a">3795760062</subfield>
    </datafield>
    <datafield tag="035" ind1=" " ind2=" ">
      <subfield code="a">(Sirsi) o39864830</subfield>
    </datafield>
    <datafield tag="037" ind1=" " ind2=" ">
      <subfield code="a">MV 0802-0</subfield>
      <subfield code="b">Musicavision</subfield>
    </datafield>
    <datafield tag="037" ind1=" " ind2=" ">
      <subfield code="a">280 802-0</subfield>
      <subfield code="b">Musicavision</subfield>
    </datafield>
    <datafield tag="040" ind1=" " ind2=" ">
      <subfield code="a">TFW</subfield>
      <subfield code="c">TFW</subfield>
    </datafield>
    <datafield tag="041" ind1="0" ind2=" ">
      <subfield code="a">ger</subfield>
      <subfield code="a">eng</subfield>
    </datafield>
    <datafield tag="043" ind1=" " ind2=" ">
      <subfield code="a">e-gx---</subfield>
    </datafield>
    <datafield tag="090" ind1=" " ind2=" ">
      <subfield code="a">ML410.H685</subfield>
      <subfield code="b">P378 1997</subfield>
    </datafield>
    <datafield tag="245" ind1="0" ind2="0">
      <subfield code="a">Paul Hindemith</subfield>
      <subfield code="h">[electronic resource] :</subfield>
      <subfield code="b">Leben und Werk = life and work /</subfield>
      <subfield code="c">[Giselher Schubert, Sylvie Gregg, Susanne Schaal].</subfield>
    </datafield>
    <datafield tag="256" ind1=" " ind2=" ">
      <subfield code="a">Computer data and program.</subfield>
    </datafield>
    <datafield tag="260" ind1=" " ind2=" ">
      <subfield code="a">Mainz, Germany :</subfield>
      <subfield code="b">Schott Wergo Music Media,</subfield>
      <subfield code="c">c1997.</subfield>
    </datafield>
    <datafield tag="300" ind1=" " ind2=" ">
      <subfield code="a">1 computer optical disc :</subfield>
      <subfield code="b">sd., col. ;</subfield>
      <subfield code="c">4 3/4 in. +</subfield>
      <subfield code="e">1 user's guide ([8] p. ; 21 cm.).</subfield>
    </datafield>
    <datafield tag="500" ind1=" " ind2=" ">
      <subfield code="a">Title from disc label.</subfield>
    </datafield>
    <datafield tag="500" ind1=" " ind2=" ">
      <subfield code="a">"The contents of the CD-ROM were musicologically devised and researched by the Paul Hindemith Institute in Frankfurt am Main."--Container.</subfield>
    </datafield>
    <datafield tag="500" ind1=" " ind2=" ">
      <subfield code="a">"LC 0846."</subfield>
    </datafield>
    <datafield tag="520" ind1=" " ind2=" ">
      <subfield code="a">Multimedia exploration of Hindemith's life and music against contemporary historical events. Includes over 1,000 photographs and illustrations, historical film clips, 120 minutes of musical and spoken documents, list of works, bibliography, indexes of subjects and people, discography and text section.</subfield>
    </datafield>
    <datafield tag="538" ind1=" " ind2=" ">
      <subfield code="a">System requirements: PC 486/100 or greater (Pentium recommended) with 4-speed CD-ROM drive; 16 MB RAM; Windows 3.1/3.11/95/NT4.0 graphic card 640x480 with 256 colours; 16-bit sound card.</subfield>
    </datafield>
    <datafield tag="538" ind1=" " ind2=" ">
      <subfield code="a">System requirements for Macintosh: Macintosh with 68040 processor or PowerMacintosh with double-speed CD-ROM drive; 16 MB RAM; System 7.5 or greater; graphic card 640 x 480 with 256 colours.</subfield>
    </datafield>
    <datafield tag="546" ind1=" " ind2=" ">
      <subfield code="a">German and English.</subfield>
    </datafield>
    <datafield tag="596" ind1=" " ind2=" ">
      <subfield code="a">12</subfield>
    </datafield>
    <datafield tag="600" ind1="1" ind2="0">
      <subfield code="a">Hindemith, Paul,</subfield>
      <subfield code="d">1895-1963</subfield>
      <subfield code="v">Interactive multimedia.</subfield>
    </datafield>
    <datafield tag="600" ind1="1" ind2="0">
      <subfield code="a">Hindemith, Paul,</subfield>
      <subfield code="d">1895-1963</subfield>
      <subfield code="x">Criticism and interpretation</subfield>
      <subfield code="v">Interactive multimedia.</subfield>
    </datafield>
    <datafield tag="650" ind1=" " ind2="0">
      <subfield code="a">Composers</subfield>
      <subfield code="z">Germany</subfield>
      <subfield code="v">Biography</subfield>
      <subfield code="v">Interactive multimedia.</subfield>
    </datafield>
    <datafield tag="650" ind1=" " ind2="0">
      <subfield code="a">Music</subfield>
      <subfield code="z">Germany</subfield>
      <subfield code="y">20th century</subfield>
      <subfield code="v">Interactive multimedia.</subfield>
    </datafield>
    <datafield tag="700" ind1="1" ind2=" ">
      <subfield code="a">Schubert, Giselher.</subfield>
    </datafield>
    <datafield tag="700" ind1="1" ind2=" ">
      <subfield code="a">Gregg, Sylvie.</subfield>
    </datafield>
    <datafield tag="700" ind1="1" ind2=" ">
      <subfield code="a">Schaal-Gotthardt, Susanne,</subfield>
      <subfield code="d">1964-</subfield>
    </datafield>
    <datafield tag="710" ind1="2" ind2=" ">
      <subfield code="a">Paul-Hindemith-Institut.</subfield>
    </datafield>
    <datafield tag="710" ind1="2" ind2=" ">
      <subfield code="a">Schott Wergo Music Media.</subfield>
    </datafield>
    <datafield tag="994" ind1=" " ind2=" ">
      <subfield code="a">Z0</subfield>
      <subfield code="b">VA@</subfield>
    </datafield>
    <datafield tag="999" ind1=" " ind2=" ">
      <subfield code="a">ML410 .H685 P378 1997</subfield>
      <subfield code="w">LC</subfield>
      <subfield code="c">1</subfield>
      <subfield code="i">X004416276</subfield>
      <subfield code="d">3/17/2000</subfield>
      <subfield code="e">3/16/2000</subfield>
      <subfield code="l">MU-CIRCDSK</subfield>
      <subfield code="m">MUSIC</subfield>
      <subfield code="n">2</subfield>
      <subfield code="r">Y</subfield>
      <subfield code="s">Y</subfield>
      <subfield code="t">CD-ROM</subfield>
      <subfield code="u">1/18/2000</subfield>
      <subfield code="x">MEMBERCOPY</subfield>
    </datafield>
  </record>