
  <record>
    <leader>01558cmm a2200361 a 4500</leader>
    <controlfield tag="001">u3492353</controlfield>
    <controlfield tag="003">OCoLC</controlfield>
    <controlfield tag="005">20000127110224.0</controlfield>
    <controlfield tag="008">991209t19992000nyu        j        eng d</controlfield>
    <datafield tag="035" ind1=" " ind2=" ">
      <subfield code="a">(Sirsi) o42965402</subfield>
    </datafield>
    <datafield tag="040" ind1=" " ind2=" ">
      <subfield code="a">N@F</subfield>
      <subfield code="c">MUS</subfield>
      <subfield code="d">MUS</subfield>
    </datafield>
    <datafield tag="092" ind1=" " ind2=" ">
      <subfield code="a">600.014</subfield>
    </datafield>
    <datafield tag="092" ind1=" " ind2=" ">
      <subfield code="a">030</subfield>
    </datafield>
    <datafield tag="245" ind1="0" ind2="0">
      <subfield code="a">TechEncyclopedia</subfield>
      <subfield code="h">[electronic resource]</subfield>
    </datafield>
    <datafield tag="246" ind1="3" ind2=" ">
      <subfield code="a">Tech encyclopedia</subfield>
    </datafield>
    <datafield tag="256" ind1=" " ind2=" ">
      <subfield code="a">Computer text and image data; programs.</subfield>
    </datafield>
    <datafield tag="260" ind1=" " ind2=" ">
      <subfield code="a">[Manhasset, N.Y.] :</subfield>
      <subfield code="b">CMP Media, Inc.</subfield>
      <subfield code="c">1999-, c2000.</subfield>
    </datafield>
    <datafield tag="500" ind1=" " ind2=" ">
      <subfield code="a">Title from opening screen; description based on display of January 27, 2000.</subfield>
    </datafield>
    <datafield tag="500" ind1=" " ind2=" ">
      <subfield code="a">The source for this encyclopedia is The Computer Desktop Encyclopedia.</subfield>
    </datafield>
    <datafield tag="516" ind1=" " ind2=" ">
      <subfield code="a">Text (HTML), images (GIF) and search engine.</subfield>
    </datafield>
    <datafield tag="520" ind1="3" ind2=" ">
      <subfield code="a">Presents an online encyclopedia of technology-related terms. Allows users to search terms or concepts. Provides a downloadable demo version of the full multimedia version of the database. Links to technology-related job listings, events information, news, and features.</subfield>
    </datafield>
    <datafield tag="530" ind1=" " ind2=" ">
      <subfield code="a">Also available in CD ROM format.</subfield>
    </datafield>
    <datafield tag="538" ind1=" " ind2=" ">
      <subfield code="a">Mode of access: Internet.</subfield>
    </datafield>
    <datafield tag="596" ind1=" " ind2=" ">
      <subfield code="a">1</subfield>
    </datafield>
    <datafield tag="650" ind1=" " ind2="0">
      <subfield code="a">Technology</subfield>
      <subfield code="v">Terminology.</subfield>
    </datafield>
    <datafield tag="650" ind1=" " ind2="0">
      <subfield code="a">Computer science</subfield>
      <subfield code="v">Terminology.</subfield>
    </datafield>
    <datafield tag="650" ind1=" " ind2="0">
      <subfield code="a">Internet</subfield>
      <subfield code="v">Terminology.</subfield>
    </datafield>
    <datafield tag="650" ind1=" " ind2="0">
      <subfield code="a">Encyclopedias and dictionaries.</subfield>
    </datafield>
    <datafield tag="776" ind1="0" ind2=" ">
      <subfield code="t">Computer desktop encyclopedia.</subfield>
    </datafield>
    <datafield tag="856" ind1="4" ind2="0">
      <subfield code="u">http://www.techweb.com/encyclopedia/</subfield>
    </datafield>
    <datafield tag="856" ind1="0" ind2=" ">
      <subfield code="u">mailto:feedback@techweb.com</subfield>
    </datafield>
    <datafield tag="994" ind1=" " ind2=" ">
      <subfield code="a">Z0</subfield>
      <subfield code="b">VA@</subfield>
    </datafield>
    <datafield tag="999" ind1=" " ind2=" ">
      <subfield code="a">XX(3492353.1)</subfield>
      <subfield code="w">WEB</subfield>
      <subfield code="c">1</subfield>
      <subfield code="i">3492353-1001</subfield>
      <subfield code="l">INTERNET</subfield>
      <subfield code="m">UVA-LIB</subfield>
      <subfield code="r">N</subfield>
      <subfield code="s">Y</subfield>
      <subfield code="t">INTERNET</subfield>
      <subfield code="u">1/27/2000</subfield>
      <subfield code="x">MEMBERCOPY</subfield>
    </datafield>
  </record>