
  <record>
    <leader>01199cmm a2200277Ia 4500</leader>
    <controlfield tag="001">u3492878</controlfield>
    <controlfield tag="003">OCoLC</controlfield>
    <controlfield tag="005">20000403091408.0</controlfield>
    <controlfield tag="007">cc mga        </controlfield>
    <controlfield tag="008">000201s1999    it         u  000 0 ita d</controlfield>
    <datafield tag="035" ind1=" " ind2=" ">
      <subfield code="a">(Sirsi) o43375256</subfield>
    </datafield>
    <datafield tag="040" ind1=" " ind2=" ">
      <subfield code="a">RCE</subfield>
      <subfield code="c">RCE</subfield>
    </datafield>
    <datafield tag="090" ind1=" " ind2=" ">
      <subfield code="a">NA9370.R6</subfield>
      <subfield code="b">P46 1999</subfield>
    </datafield>
    <datafield tag="245" ind1="1" ind2="2">
      <subfield code="a">L'arco di Costantino</subfield>
      <subfield code="h">[electronic resource] :</subfield>
      <subfield code="b">simbolo e celebrazione del potere /</subfield>
      <subfield code="c">di patrizio Pensabene.</subfield>
    </datafield>
    <datafield tag="260" ind1=" " ind2=" ">
      <subfield code="a">Roma :</subfield>
      <subfield code="b">Edizione Archeologiche :</subfield>
      <subfield code="b">Universita de Roma "La Sapieza",</subfield>
      <subfield code="c">[1999?]</subfield>
    </datafield>
    <datafield tag="300" ind1=" " ind2=" ">
      <subfield code="a">1 optical computer disc :</subfield>
      <subfield code="b">sd., col. ;</subfield>
      <subfield code="c">4 3/4 in.</subfield>
    </datafield>
    <datafield tag="538" ind1=" " ind2=" ">
      <subfield code="a">System requirements: PC or Mac; 16Mb RAM (32Mb preferred); (PC) Windows 95 or later, (Mac) System 7 or later; Cd-Rom 8x (12x preferred), Video, 640x480 16 bit (65536 color).</subfield>
    </datafield>
    <datafield tag="596" ind1=" " ind2=" ">
      <subfield code="a">4</subfield>
    </datafield>
    <datafield tag="650" ind1=" " ind2="0">
      <subfield code="a">Arch of Constantine (Rome, Italy)</subfield>
    </datafield>
    <datafield tag="650" ind1=" " ind2="0">
      <subfield code="a">Sculpture, Roman</subfield>
      <subfield code="z">Italy</subfield>
      <subfield code="z">Rome.</subfield>
    </datafield>
    <datafield tag="650" ind1=" " ind2="0">
      <subfield code="a">Triumphal arches</subfield>
      <subfield code="z">Italy</subfield>
      <subfield code="z">Rome.</subfield>
    </datafield>
    <datafield tag="651" ind1=" " ind2="0">
      <subfield code="a">Rome (Italy)</subfield>
      <subfield code="x">Buildings, structures, etc.</subfield>
    </datafield>
    <datafield tag="700" ind1="1" ind2=" ">
      <subfield code="a">Pensabene, Patrizio.</subfield>
    </datafield>
    <datafield tag="710" ind1="2" ind2=" ">
      <subfield code="a">Università degli studi di Roma "La Sapienza."</subfield>
    </datafield>
    <datafield tag="994" ind1=" " ind2=" ">
      <subfield code="a">Z0</subfield>
      <subfield code="b">VA@</subfield>
    </datafield>
    <datafield tag="999" ind1=" " ind2=" ">
      <subfield code="a">NA9370 .R6 P46 1999</subfield>
      <subfield code="w">LC</subfield>
      <subfield code="c">1</subfield>
      <subfield code="i">X004321317</subfield>
      <subfield code="l">FA-CIRCDSK</subfield>
      <subfield code="m">FINE-ARTS</subfield>
      <subfield code="r">Y</subfield>
      <subfield code="s">Y</subfield>
      <subfield code="t">CD-ROM</subfield>
      <subfield code="u">1/31/2000</subfield>
      <subfield code="x">MEMBERCOPY</subfield>
    </datafield>
  </record>