
  <record>
    <leader>01815cmm a2200385Ia 4500</leader>
    <controlfield tag="001">u3493081</controlfield>
    <controlfield tag="003">OCoLC</controlfield>
    <controlfield tag="005">20000131132726.0</controlfield>
    <controlfield tag="006">a      s   f000 0 </controlfield>
    <controlfield tag="007">cr unu        </controlfield>
    <controlfield tag="008">990329s1997    miu        a f      eng d</controlfield>
    <datafield tag="035" ind1=" " ind2=" ">
      <subfield code="a">(Sirsi) o41062991</subfield>
    </datafield>
    <datafield tag="040" ind1=" " ind2=" ">
      <subfield code="a">JHE</subfield>
      <subfield code="c">JHE</subfield>
    </datafield>
    <datafield tag="043" ind1=" " ind2=" ">
      <subfield code="a">n-us---</subfield>
    </datafield>
    <datafield tag="090" ind1=" " ind2=" ">
      <subfield code="a">H62</subfield>
      <subfield code="b">.I25 no. 6735</subfield>
    </datafield>
    <datafield tag="245" ind1="0" ind2="0">
      <subfield code="a">American housing survey, 1993.</subfield>
      <subfield code="p">MSA core and supplement files</subfield>
      <subfield code="h">[electronic resource] /</subfield>
      <subfield code="c">principal investigator, United States Department of Commerce, Bureau of the Census.</subfield>
    </datafield>
    <datafield tag="250" ind1=" " ind2=" ">
      <subfield code="a">1st ICPSR version.</subfield>
    </datafield>
    <datafield tag="256" ind1=" " ind2=" ">
      <subfield code="a">Computer data (7 files + machine-readable frequencies (PDF)).</subfield>
    </datafield>
    <datafield tag="260" ind1=" " ind2=" ">
      <subfield code="a">Ann Arbor, Mich. :</subfield>
      <subfield code="b">Inter-university Consortium for Political and Social Research,</subfield>
      <subfield code="c">1997.</subfield>
    </datafield>
    <datafield tag="490" ind1="1" ind2=" ">
      <subfield code="a">ICPSR ;</subfield>
      <subfield code="v">6735</subfield>
    </datafield>
    <datafield tag="500" ind1=" " ind2=" ">
      <subfield code="a">Title from codebook.</subfield>
    </datafield>
    <datafield tag="505" ind1="0" ind2=" ">
      <subfield code="a">pt. 1. Boston, Mass. -- pt. 2. Detroit, Mich. -- pt. 3. Minneapolis, Minn. -- pt. 4. San Francisco, Calif. -- pt. 5. San Jose, Calif. -- pt. 6. Tampa, Fla. -- pt. 7. Washington, DC.</subfield>
    </datafield>
    <datafield tag="516" ind1=" " ind2=" ">
      <subfield code="a">Numeric data.</subfield>
    </datafield>
    <datafield tag="520" ind1=" " ind2=" ">
      <subfield code="a">Data collection provides information on characteristics of housing units in seven selected Metropolitan Statistical Areas (MSA's) of the United States.</subfield>
    </datafield>
    <datafield tag="530" ind1=" " ind2=" ">
      <subfield code="a">Also available online.</subfield>
    </datafield>
    <datafield tag="538" ind1=" " ind2=" ">
      <subfield code="a">Mode of access: Authorized users may download files from ICPSR Data Archive.</subfield>
    </datafield>
    <datafield tag="556" ind1=" " ind2=" ">
      <subfield code="a">Codebook carries same title (1 v. : ill. ; 28 cm.).</subfield>
    </datafield>
    <datafield tag="596" ind1=" " ind2=" ">
      <subfield code="a">1 2</subfield>
    </datafield>
    <datafield tag="650" ind1=" " ind2="0">
      <subfield code="a">Housing</subfield>
      <subfield code="z">United States</subfield>
      <subfield code="v">Statistics.</subfield>
    </datafield>
    <datafield tag="650" ind1=" " ind2="0">
      <subfield code="a">Housing surveys</subfield>
      <subfield code="z">United States.</subfield>
    </datafield>
    <datafield tag="710" ind1="1" ind2=" ">
      <subfield code="a">United States.</subfield>
      <subfield code="b">Bureau of the Census.</subfield>
    </datafield>
    <datafield tag="710" ind1="2" ind2=" ">
      <subfield code="a">Inter-university Consortium for Political and Social Research.</subfield>
    </datafield>
    <datafield tag="830" ind1=" " ind2="0">
      <subfield code="a">ICPSR (Series) ;</subfield>
      <subfield code="v">6735.</subfield>
    </datafield>
    <datafield tag="994" ind1=" " ind2=" ">
      <subfield code="a">Z0</subfield>
      <subfield code="b">VA@</subfield>
    </datafield>
    <datafield tag="999" ind1=" " ind2=" ">
      <subfield code="a">H62 .I25 no.6735</subfield>
      <subfield code="w">LC</subfield>
      <subfield code="c">1</subfield>
      <subfield code="i">X004419269</subfield>
      <subfield code="l">ALD-STKS</subfield>
      <subfield code="m">ALDERMAN</subfield>
      <subfield code="r">Y</subfield>
      <subfield code="s">Y</subfield>
      <subfield code="t">BOOK</subfield>
      <subfield code="u">1/31/2000</subfield>
      <subfield code="x">CLASSIFY</subfield>
    </datafield>
  </record>