
  <record>
    <leader>01065cam a2200241K  4500</leader>
    <controlfield tag="001">u3494184</controlfield>
    <controlfield tag="003">OCoLC</controlfield>
    <controlfield tag="005">20000203120258.0</controlfield>
    <controlfield tag="007">h- ----------</controlfield>
    <controlfield tag="008">881121s1881    nyu     b     000 0 eng d</controlfield>
    <datafield tag="035" ind1=" " ind2=" ">
      <subfield code="a">(Sirsi) r18788500</subfield>
    </datafield>
    <datafield tag="040" ind1=" " ind2=" ">
      <subfield code="a">DPL</subfield>
      <subfield code="c">DPL</subfield>
    </datafield>
    <datafield tag="092" ind1=" " ind2=" ">
      <subfield code="a">094.08</subfield>
      <subfield code="b">L899se, MICROFCH</subfield>
    </datafield>
    <datafield tag="100" ind1="1" ind2=" ">
      <subfield code="a">Codman, John,</subfield>
      <subfield code="d">1814-1900.</subfield>
    </datafield>
    <datafield tag="245" ind1="1" ind2="4">
      <subfield code="a">The round trip by way of Panama through California, Oregon, Nevada, Utah, Idaho, and Colorado</subfield>
      <subfield code="h">[microform] :</subfield>
      <subfield code="b">with notes on railroads, commerce, agriculture, mining, scenery, and people /</subfield>
      <subfield code="c">John Codman.</subfield>
    </datafield>
    <datafield tag="260" ind1=" " ind2=" ">
      <subfield code="a">New York :</subfield>
      <subfield code="b">G. P. Putman's sons,</subfield>
      <subfield code="c">1881.</subfield>
    </datafield>
    <datafield tag="300" ind1=" " ind2=" ">
      <subfield code="a">xiii, 331 p. ;</subfield>
      <subfield code="c">19 cm.</subfield>
    </datafield>
    <datafield tag="533" ind1=" " ind2=" ">
      <subfield code="a">Microfiche.</subfield>
      <subfield code="b">Louisville, Ky. :</subfield>
      <subfield code="c">Lost Cause Press,</subfield>
      <subfield code="d">1973.</subfield>
      <subfield code="e">5 microfiches ; 11 x 15 cm.</subfield>
      <subfield code="f">(Travels in the West and Southwest ; [no. 1115])</subfield>
    </datafield>
    <datafield tag="596" ind1=" " ind2=" ">
      <subfield code="a">2</subfield>
    </datafield>
    <datafield tag="651" ind1=" " ind2="0">
      <subfield code="a">West (U.S.)</subfield>
      <subfield code="x">Description and travel.</subfield>
    </datafield>
    <datafield tag="830" ind1=" " ind2="0">
      <subfield code="a">Travels in the West and Southwest ;</subfield>
      <subfield code="v">no. 1115.</subfield>
    </datafield>
    <datafield tag="994" ind1=" " ind2=" ">
      <subfield code="a">Z0</subfield>
      <subfield code="b">VA@</subfield>
    </datafield>
    <datafield tag="999" ind1=" " ind2=" ">
      <subfield code="a">Micfich 22 no.1115</subfield>
      <subfield code="w">ALPHANUM</subfield>
      <subfield code="c">1</subfield>
      <subfield code="i">3494184-1001</subfield>
      <subfield code="j">5</subfield>
      <subfield code="l">AL-MICFORM</subfield>
      <subfield code="m">ALDERMAN</subfield>
      <subfield code="r">Y</subfield>
      <subfield code="s">Y</subfield>
      <subfield code="t">MICROFICHE</subfield>
      <subfield code="u">2/3/2000</subfield>
      <subfield code="x">CONVERSION</subfield>
    </datafield>
  </record>