
  <record>
    <leader>02279nem a2200409Ia 4500</leader>
    <controlfield tag="001">u3494238</controlfield>
    <controlfield tag="003">OCoLC</controlfield>
    <controlfield tag="005">20000203103212.0</controlfield>
    <controlfield tag="007">ar canzn</controlfield>
    <controlfield tag="008">990703s1999    vau    bh a  f  1   eng d</controlfield>
    <datafield tag="020" ind1=" " ind2=" ">
      <subfield code="a">0607919248</subfield>
    </datafield>
    <datafield tag="034" ind1="1" ind2=" ">
      <subfield code="a">a</subfield>
      <subfield code="b">250000</subfield>
      <subfield code="d">E0432500</subfield>
      <subfield code="e">E0472300</subfield>
      <subfield code="f">N0412200</subfield>
      <subfield code="g">N0384700</subfield>
    </datafield>
    <datafield tag="035" ind1=" " ind2=" ">
      <subfield code="a">(Sirsi) o41648983</subfield>
    </datafield>
    <datafield tag="040" ind1=" " ind2=" ">
      <subfield code="a">UPM</subfield>
      <subfield code="c">UPM</subfield>
    </datafield>
    <datafield tag="043" ind1=" " ind2=" ">
      <subfield code="a">a-ai---</subfield>
    </datafield>
    <datafield tag="049" ind1=" " ind2=" ">
      <subfield code="a">VA@@</subfield>
    </datafield>
    <datafield tag="052" ind1=" " ind2=" ">
      <subfield code="a">7151</subfield>
    </datafield>
    <datafield tag="090" ind1=" " ind2=" ">
      <subfield code="a">G7151.A47 1999</subfield>
      <subfield code="b">.G4</subfield>
    </datafield>
    <datafield tag="110" ind1="2" ind2=" ">
      <subfield code="a">Geological Survey (U.S.)</subfield>
    </datafield>
    <datafield tag="245" ind1="1" ind2="0">
      <subfield code="a">Republic of Armenia and surrounding areas :</subfield>
      <subfield code="b">satellite image map = Respublika Armenii͡ai sopredeln̓ye territorii : obzorna͡a sputnikovaii͡a /</subfield>
      <subfield code="c">produced by the United States Geological Survey ... in cooperation with the Ministry of Environment and Mineral Resources, Yerevan, Armenia, funded by the United States Agency for International Development.</subfield>
    </datafield>
    <datafield tag="246" ind1="3" ind2="0">
      <subfield code="a">Satellite image map, Republic of Armenia and surrounding areas</subfield>
    </datafield>
    <datafield tag="255" ind1=" " ind2=" ">
      <subfield code="a">Scale 1:250,000 ;</subfield>
      <subfield code="b">Universal Transverse Mercator proj., central meridian 45⁰E, Zone 48, World Geodetic System 1984</subfield>
      <subfield code="c">(E 43⁰25ʹ--E 47⁰23ʹ/N 41⁰22ʹ--N 38⁰47ʹ).</subfield>
    </datafield>
    <datafield tag="260" ind1=" " ind2=" ">
      <subfield code="a">Reston, Va. :</subfield>
      <subfield code="b">USGS,</subfield>
      <subfield code="c">1999.</subfield>
    </datafield>
    <datafield tag="300" ind1=" " ind2=" ">
      <subfield code="a">1 remote-sensing image on 2 sheets :</subfield>
      <subfield code="b">col. ;</subfield>
      <subfield code="c">115 x 137 cm., sheets 131 x 88 cm. and 131 x 65 cm.</subfield>
    </datafield>
    <datafield tag="490" ind1="1" ind2=" ">
      <subfield code="a">Miscellaneous investigations series ;</subfield>
      <subfield code="v">Map I-2665</subfield>
    </datafield>
    <datafield tag="500" ind1=" " ind2=" ">
      <subfield code="a">"Images recorded by the Landsat Thematic Mapper in the multispectral mode, composed of spectral bands..."</subfield>
    </datafield>
    <datafield tag="500" ind1=" " ind2=" ">
      <subfield code="a">"Satellite image index" shows that the three separate images were flown in 1984, 1987, and 1989.</subfield>
    </datafield>
    <datafield tag="500" ind1=" " ind2=" ">
      <subfield code="a">Includes notes, satellite image flight index, and ill. of three agency logos.</subfield>
    </datafield>
    <datafield tag="596" ind1=" " ind2=" ">
      <subfield code="a">2</subfield>
    </datafield>
    <datafield tag="651" ind1=" " ind2="0">
      <subfield code="a">Armenia (Republic)</subfield>
      <subfield code="v">Remote-sensing images.</subfield>
    </datafield>
    <datafield tag="651" ind1=" " ind2="0">
      <subfield code="a">Armenia (Republic)</subfield>
      <subfield code="v">Remote-sensing maps.</subfield>
    </datafield>
    <datafield tag="710" ind1="1" ind2=" ">
      <subfield code="a">Armenia (Republic).</subfield>
      <subfield code="b">Bnapahpanutʻyan ev Ěnderkʻi Nakhararutʻyun.</subfield>
    </datafield>
    <datafield tag="710" ind1="1" ind2=" ">
      <subfield code="a">United States.</subfield>
      <subfield code="b">Agency for International Development.</subfield>
    </datafield>
    <datafield tag="830" ind1=" " ind2="0">
      <subfield code="a">Miscellaneous investigations series (Geological Survey (U.S.)) ;</subfield>
      <subfield code="v">map I-2665.</subfield>
    </datafield>
    <datafield tag="994" ind1=" " ind2=" ">
      <subfield code="a">E0</subfield>
      <subfield code="b">VA@</subfield>
    </datafield>
    <datafield tag="999" ind1=" " ind2=" ">
      <subfield code="a">I 19.91:I-2665 sh.1</subfield>
      <subfield code="w">SUDOC</subfield>
      <subfield code="c">1</subfield>
      <subfield code="i">X004419469</subfield>
      <subfield code="l">GEOSTAT</subfield>
      <subfield code="m">ALDERMAN</subfield>
      <subfield code="r">Y</subfield>
      <subfield code="s">Y</subfield>
      <subfield code="t">MAP</subfield>
      <subfield code="u">2/3/2000</subfield>
      <subfield code="x">MEMBERCOPY</subfield>
    </datafield>
    <datafield tag="999" ind1=" " ind2=" ">
      <subfield code="a">I 19.91:I-2665 sh.2</subfield>
      <subfield code="w">SUDOC</subfield>
      <subfield code="c">1</subfield>
      <subfield code="i">X004419470</subfield>
      <subfield code="l">GEOSTAT</subfield>
      <subfield code="m">ALDERMAN</subfield>
      <subfield code="r">Y</subfield>
      <subfield code="s">Y</subfield>
      <subfield code="t">MAP</subfield>
      <subfield code="u">2/4/2000</subfield>
      <subfield code="x">ADD</subfield>
    </datafield>
  </record>