
  <record>
    <leader>01998nmm a22004098a 4500</leader>
    <controlfield tag="001">u3502613</controlfield>
    <controlfield tag="003">OCoLC</controlfield>
    <controlfield tag="005">19991216092025.0</controlfield>
    <controlfield tag="008">970311s1997    cau    g   c f      eng  </controlfield>
    <datafield tag="010" ind1=" " ind2=" ">
      <subfield code="a">   97004519</subfield>
    </datafield>
    <datafield tag="020" ind1=" " ind2=" ">
      <subfield code="a">0607866403</subfield>
    </datafield>
    <datafield tag="035" ind1=" " ind2=" ">
      <subfield code="a">(Sirsi) ocm36728422</subfield>
    </datafield>
    <datafield tag="035" ind1=" " ind2=" ">
      <subfield code="a">(OCoLC)36728422</subfield>
    </datafield>
    <datafield tag="040" ind1=" " ind2=" ">
      <subfield code="a">DLC</subfield>
      <subfield code="c">DLC</subfield>
      <subfield code="d">GPO</subfield>
      <subfield code="d">DLC</subfield>
      <subfield code="d">MvI</subfield>
    </datafield>
    <datafield tag="043" ind1=" " ind2=" ">
      <subfield code="a">n-us-ca</subfield>
    </datafield>
    <datafield tag="049" ind1=" " ind2=" ">
      <subfield code="a">VADD</subfield>
    </datafield>
    <datafield tag="050" ind1="0" ind2="0">
      <subfield code="a">G4362.L522C55 1997</subfield>
      <subfield code="b">.D5</subfield>
    </datafield>
    <datafield tag="082" ind1="1" ind2="0">
      <subfield code="a">551.22</subfield>
      <subfield code="2">12</subfield>
    </datafield>
    <datafield tag="245" ind1="0" ind2="0">
      <subfield code="a">Digital images of the October 17, 1989, Loma Prieta, California earthquake</subfield>
      <subfield code="h">[electronic resource] /</subfield>
      <subfield code="c">[by J.K. Nakata ... et al.].</subfield>
    </datafield>
    <datafield tag="256" ind1=" " ind2=" ">
      <subfield code="a">Computer data.</subfield>
    </datafield>
    <datafield tag="260" ind1=" " ind2=" ">
      <subfield code="a">[Menlo Park, Calif.] :</subfield>
      <subfield code="b">U.S. Geological Survey,</subfield>
      <subfield code="c">1997.</subfield>
    </datafield>
    <datafield tag="263" ind1=" " ind2=" ">
      <subfield code="a">9705</subfield>
    </datafield>
    <datafield tag="300" ind1=" " ind2=" ">
      <subfield code="a">1 computer optical disc ;</subfield>
      <subfield code="c">4 3/4 in.</subfield>
    </datafield>
    <datafield tag="440" ind1=" " ind2="0">
      <subfield code="a">U.S. Geological Survey digital data series ;</subfield>
      <subfield code="v">DDS-029</subfield>
    </datafield>
    <datafield tag="500" ind1=" " ind2=" ">
      <subfield code="a">Title from disc label.</subfield>
    </datafield>
    <datafield tag="520" ind1=" " ind2=" ">
      <subfield code="a">Contains 103 color photographs of the greater San Francisco and Monterey Bay areas that were affected by the October 17, 1989 earthquake. Each twenty-four-bit image is available in five resolutions from thumbnail (192 x 128 pixels) to high (3072 x 2048 pixels). Compatible with Macintosh, Windows, DOS, OS/2, SGI, and UNIX platforms.</subfield>
    </datafield>
    <datafield tag="538" ind1=" " ind2=" ">
      <subfield code="a">System requirements for Macintosh: 8MB RAM; System 7 or later; thirteen-inch, color monitor; CD-ROM drive.</subfield>
    </datafield>
    <datafield tag="538" ind1=" " ind2=" ">
      <subfield code="a">System requirements for Windows: 386 PC or better; 4MB RAM; Windows 3.1 or higher; MS- or PC-DOS 5.0 or greater; VGA color monitor; CD-ROM drive.</subfield>
    </datafield>
    <datafield tag="596" ind1=" " ind2=" ">
      <subfield code="a">2</subfield>
    </datafield>
    <datafield tag="650" ind1=" " ind2="0">
      <subfield code="a">Earthquakes</subfield>
      <subfield code="z">California</subfield>
      <subfield code="z">Loma Prieta</subfield>
      <subfield code="v">Photographs.</subfield>
    </datafield>
    <datafield tag="650" ind1=" " ind2="0">
      <subfield code="a">Loma Prieta Earthquake, Calif., 1989.</subfield>
    </datafield>
    <datafield tag="651" ind1=" " ind2="0">
      <subfield code="a">California</subfield>
      <subfield code="z">San Francisco Bay Area</subfield>
      <subfield code="v">Photographs.</subfield>
    </datafield>
    <datafield tag="651" ind1=" " ind2="0">
      <subfield code="a">California</subfield>
      <subfield code="z">Monterey Bay</subfield>
      <subfield code="v">Photographs.</subfield>
    </datafield>
    <datafield tag="700" ind1="1" ind2=" ">
      <subfield code="a">Nakata, John K.</subfield>
    </datafield>
    <datafield tag="710" ind1="2" ind2=" ">
      <subfield code="a">Geological Survey (U.S.)</subfield>
    </datafield>
    <datafield tag="830" ind1=" " ind2="0">
      <subfield code="a">U.S. Geological Survey digital data series ;</subfield>
      <subfield code="v">DDS-29.</subfield>
    </datafield>
    <datafield tag="999" ind1=" " ind2=" ">
      <subfield code="a">XX(3502613.1)</subfield>
      <subfield code="w">AUTO</subfield>
      <subfield code="c">1</subfield>
      <subfield code="i">3502613-1001</subfield>
      <subfield code="l">DOC-READRM</subfield>
      <subfield code="m">ALDERMAN</subfield>
      <subfield code="r">Y</subfield>
      <subfield code="s">Y</subfield>
      <subfield code="t">CD-ROM</subfield>
      <subfield code="u">2/6/2000</subfield>
      <subfield code="z">MARCIVE</subfield>
    </datafield>
  </record>