
  <record>
    <leader>01853cmm a2200409 a 4500</leader>
    <controlfield tag="001">u3502737</controlfield>
    <controlfield tag="003">OCoLC</controlfield>
    <controlfield tag="005">20000208173904.0</controlfield>
    <controlfield tag="007">co mg-        </controlfield>
    <controlfield tag="008">991110s1999    ncu        m f      eng d</controlfield>
    <datafield tag="020" ind1=" " ind2=" ">
      <subfield code="c">$17.00</subfield>
    </datafield>
    <datafield tag="035" ind1=" " ind2=" ">
      <subfield code="a">(Sirsi) ocm42799755</subfield>
    </datafield>
    <datafield tag="035" ind1=" " ind2=" ">
      <subfield code="a">(OCoLC)42799755</subfield>
    </datafield>
    <datafield tag="037" ind1=" " ind2=" ">
      <subfield code="a">055-000-00630-0</subfield>
      <subfield code="b">GPO</subfield>
    </datafield>
    <datafield tag="040" ind1=" " ind2=" ">
      <subfield code="a">DGPO</subfield>
      <subfield code="c">DGPO</subfield>
      <subfield code="d">DLC</subfield>
      <subfield code="d">MvI</subfield>
    </datafield>
    <datafield tag="049" ind1=" " ind2=" ">
      <subfield code="a">VADD</subfield>
    </datafield>
    <datafield tag="074" ind1=" " ind2=" ">
      <subfield code="a">0431-R</subfield>
    </datafield>
    <datafield tag="086" ind1="0" ind2=" ">
      <subfield code="a">EP 4.30:999/VERSION 2</subfield>
      <subfield code="z">EP 1.104:AI 7/CD</subfield>
    </datafield>
    <datafield tag="245" ind1="0" ind2="0">
      <subfield code="a">AIRSExecutive plus</subfield>
      <subfield code="h">[electronic resource].</subfield>
    </datafield>
    <datafield tag="246" ind1="3" ind2=" ">
      <subfield code="a">AIRS Executive plus</subfield>
    </datafield>
    <datafield tag="250" ind1=" " ind2=" ">
      <subfield code="a">Version 2.</subfield>
    </datafield>
    <datafield tag="260" ind1=" " ind2=" ">
      <subfield code="a">RTP [Research Triangle Park], NC :</subfield>
      <subfield code="b">US Environmental Protection Agency, Office of Air Quality Planning &amp; Standards, Information Transfer &amp; Program Integration Division, Information Transfer Group ;</subfield>
      <subfield code="a">[Washington, D.C. :</subfield>
      <subfield code="b">Supt. of Docs., U.S. G.P.O., distributor,</subfield>
      <subfield code="c">1999]</subfield>
    </datafield>
    <datafield tag="300" ind1=" " ind2=" ">
      <subfield code="a">1 computer optical disc :</subfield>
      <subfield code="b">col. ;</subfield>
      <subfield code="c">4 3/4 in.</subfield>
    </datafield>
    <datafield tag="500" ind1=" " ind2=" ">
      <subfield code="a">Title from title screen.</subfield>
    </datafield>
    <datafield tag="500" ind1=" " ind2=" ">
      <subfield code="a">Shipping list no.: 2000-0004-E.</subfield>
    </datafield>
    <datafield tag="500" ind1=" " ind2=" ">
      <subfield code="a">"June 1999."</subfield>
    </datafield>
    <datafield tag="500" ind1=" " ind2=" ">
      <subfield code="a">"August 1999"--Disc label.</subfield>
    </datafield>
    <datafield tag="516" ind1=" " ind2=" ">
      <subfield code="a">Computer program and data.</subfield>
    </datafield>
    <datafield tag="516" ind1="8" ind2=" ">
      <subfield code="a">ISO 9660 format.</subfield>
    </datafield>
    <datafield tag="520" ind1=" " ind2=" ">
      <subfield code="a">Summaries of air pollution data for the United States and fifty countries.</subfield>
    </datafield>
    <datafield tag="538" ind1=" " ind2=" ">
      <subfield code="a">System requirements: Windows-based PC; 10 MB available hard disk space; Windows 95/NT4 (or later); CD-ROM drive.</subfield>
    </datafield>
    <datafield tag="538" ind1=" " ind2=" ">
      <subfield code="a">Disc characteristics: CD-ROM.</subfield>
    </datafield>
    <datafield tag="596" ind1=" " ind2=" ">
      <subfield code="a">2</subfield>
    </datafield>
    <datafield tag="650" ind1=" " ind2="0">
      <subfield code="a">Air</subfield>
      <subfield code="x">Pollution</subfield>
      <subfield code="v">Databases.</subfield>
    </datafield>
    <datafield tag="710" ind1="1" ind2=" ">
      <subfield code="a">United States.</subfield>
      <subfield code="b">Environmental Protection Agency.</subfield>
      <subfield code="b">Office of Air Quality Planning and Standards.</subfield>
      <subfield code="b">Information Transfer Group.</subfield>
    </datafield>
    <datafield tag="999" ind1=" " ind2=" ">
      <subfield code="a">EP 4.30:999/VERSION 2</subfield>
      <subfield code="w">SUDOC</subfield>
      <subfield code="c">1</subfield>
      <subfield code="i">3502737-1001</subfield>
      <subfield code="l">DOC-READRM</subfield>
      <subfield code="m">ALDERMAN</subfield>
      <subfield code="p">$17.00</subfield>
      <subfield code="r">Y</subfield>
      <subfield code="s">Y</subfield>
      <subfield code="t">CD-ROM</subfield>
      <subfield code="u">2/6/2000</subfield>
      <subfield code="z">MARCIVE</subfield>
    </datafield>
    <datafield tag="999" ind1=" " ind2=" ">
      <subfield code="a">EP 4.30:999/version 2</subfield>
      <subfield code="w">SUDOC</subfield>
      <subfield code="c">1</subfield>
      <subfield code="i">X005059461</subfield>
      <subfield code="l">DOC-READRM</subfield>
      <subfield code="m">ALDERMAN</subfield>
      <subfield code="r">Y</subfield>
      <subfield code="s">Y</subfield>
      <subfield code="t">CD-ROM</subfield>
      <subfield code="u">11/5/1999</subfield>
      <subfield code="z">MARCIVE</subfield>
    </datafield>
  </record>