
  <record>
    <leader>01580nem a2200373 a 4500</leader>
    <controlfield tag="001">u3506700</controlfield>
    <controlfield tag="003">OCoLC</controlfield>
    <controlfield tag="005">20000509103109.0</controlfield>
    <controlfield tag="007">as aanzn</controlfield>
    <controlfield tag="008">000509s1999    vau       a  f  1   eng c</controlfield>
    <datafield tag="035" ind1=" " ind2=" ">
      <subfield code="a">(Sirsi) tmp97166961</subfield>
    </datafield>
    <datafield tag="035" ind1=" " ind2=" ">
      <subfield code="a">(OCoLC)44009373</subfield>
    </datafield>
    <datafield tag="040" ind1=" " ind2=" ">
      <subfield code="a">GPO</subfield>
      <subfield code="c">GPO</subfield>
      <subfield code="d">DLC</subfield>
      <subfield code="d">MvI</subfield>
    </datafield>
    <datafield tag="042" ind1=" " ind2=" ">
      <subfield code="a">pcc</subfield>
    </datafield>
    <datafield tag="049" ind1=" " ind2=" ">
      <subfield code="a">VAPP</subfield>
    </datafield>
    <datafield tag="052" ind1=" " ind2=" ">
      <subfield code="a">4273</subfield>
      <subfield code="b">C4</subfield>
    </datafield>
    <datafield tag="074" ind1=" " ind2=" ">
      <subfield code="a">0624-H (MF)</subfield>
    </datafield>
    <datafield tag="086" ind1="0" ind2=" ">
      <subfield code="a">I 19.76:99-20-A</subfield>
    </datafield>
    <datafield tag="110" ind1="2" ind2=" ">
      <subfield code="a">Geological Survey (U.S.)</subfield>
    </datafield>
    <datafield tag="245" ind1="1" ind2="0">
      <subfield code="a">Stratigraphic sections and equivalent uranium (eU), Meade Peak phosphatic shale member of Permian Phosphoria Formation, central part of Rasmussen Ridge, Caribou County, Idaho</subfield>
      <subfield code="h">[microform] /</subfield>
      <subfield code="c">U.S. Department of the Interior, U.S. Geological Survey ; by R.G. Tysdal ... [et al.] ; prepared in cooperation with U.S. Bureau of Land Management ... [et al.].</subfield>
    </datafield>
    <datafield tag="260" ind1=" " ind2=" ">
      <subfield code="a">[Reston, Va.] :</subfield>
      <subfield code="b">The Survey,</subfield>
      <subfield code="c">1999.</subfield>
    </datafield>
    <datafield tag="300" ind1=" " ind2=" ">
      <subfield code="a">2 cross sections.</subfield>
    </datafield>
    <datafield tag="490" ind1="1" ind2=" ">
      <subfield code="a">Open-file report ;</subfield>
      <subfield code="v">99-20A</subfield>
    </datafield>
    <datafield tag="500" ind1=" " ind2=" ">
      <subfield code="a">Shipping list no.: 2000-0290-M.</subfield>
    </datafield>
    <datafield tag="500" ind1=" " ind2=" ">
      <subfield code="a">Includes text, 1 index map, and bibliographical references.</subfield>
    </datafield>
    <datafield tag="533" ind1=" " ind2=" ">
      <subfield code="a">Microfiche.</subfield>
      <subfield code="b">[Denver, Colo. :</subfield>
      <subfield code="c">U.S. Geological Survey,</subfield>
      <subfield code="d">2000?]</subfield>
      <subfield code="e">1 microfiche : negative.</subfield>
    </datafield>
    <datafield tag="596" ind1=" " ind2=" ">
      <subfield code="a">2</subfield>
    </datafield>
    <datafield tag="650" ind1=" " ind2="0">
      <subfield code="a">Phosphate rock</subfield>
      <subfield code="z">Idaho</subfield>
      <subfield code="z">Caribou County.</subfield>
    </datafield>
    <datafield tag="651" ind1=" " ind2="0">
      <subfield code="a">Phosphoria Formation.</subfield>
    </datafield>
    <datafield tag="700" ind1="1" ind2=" ">
      <subfield code="a">Tysdal, Russell G.</subfield>
    </datafield>
    <datafield tag="710" ind1="1" ind2=" ">
      <subfield code="a">United States.</subfield>
      <subfield code="b">Bureau of Land Management.</subfield>
    </datafield>
    <datafield tag="830" ind1=" " ind2="0">
      <subfield code="a">U.S. Geological Survey open-file report ;</subfield>
      <subfield code="v">99-20 A.</subfield>
    </datafield>
    <datafield tag="900" ind1=" " ind2=" ">
      <subfield code="a">tmp97166961</subfield>
    </datafield>
    <datafield tag="999" ind1=" " ind2=" ">
      <subfield code="a">I 19.76:99-20-A</subfield>
      <subfield code="w">SUDOC</subfield>
      <subfield code="c">1</subfield>
      <subfield code="i">X005063547</subfield>
      <subfield code="l">DOC-READRM</subfield>
      <subfield code="m">ALDERMAN</subfield>
      <subfield code="r">N</subfield>
      <subfield code="s">Y</subfield>
      <subfield code="t">MICROFICHE</subfield>
      <subfield code="u">2/18/2000</subfield>
      <subfield code="z">MARCIVE</subfield>
    </datafield>
  </record>