
  <record>
    <leader>01131nkm a2200337 a 4500</leader>
    <controlfield tag="001">u3506796</controlfield>
    <controlfield tag="003">OCoLC</controlfield>
    <controlfield tag="005">20000807175606.0</controlfield>
    <controlfield tag="007">kz ao-</controlfield>
    <controlfield tag="008">000531s1994    vau---       f    zneng c</controlfield>
    <datafield tag="035" ind1=" " ind2=" ">
      <subfield code="a">(Sirsi) tmp97167186</subfield>
    </datafield>
    <datafield tag="035" ind1=" " ind2=" ">
      <subfield code="a">(OCoLC)44151094</subfield>
    </datafield>
    <datafield tag="040" ind1=" " ind2=" ">
      <subfield code="d">GPO</subfield>
      <subfield code="d">DLC</subfield>
      <subfield code="d">MvI</subfield>
    </datafield>
    <datafield tag="042" ind1=" " ind2=" ">
      <subfield code="a">pcc</subfield>
    </datafield>
    <datafield tag="043" ind1=" " ind2=" ">
      <subfield code="a">n-us---</subfield>
    </datafield>
    <datafield tag="049" ind1=" " ind2=" ">
      <subfield code="a">VA@D</subfield>
    </datafield>
    <datafield tag="074" ind1=" " ind2=" ">
      <subfield code="a">0526</subfield>
    </datafield>
    <datafield tag="086" ind1="0" ind2=" ">
      <subfield code="a">NCU 1.2:L 54/994</subfield>
    </datafield>
    <datafield tag="088" ind1=" " ind2=" ">
      <subfield code="a">NCUA 1582</subfield>
    </datafield>
    <datafield tag="245" ind1="0" ind2="0">
      <subfield code="a">Equal housing lender</subfield>
      <subfield code="h">[picture].</subfield>
    </datafield>
    <datafield tag="250" ind1=" " ind2=" ">
      <subfield code="a">Rev. 7/94.</subfield>
    </datafield>
    <datafield tag="260" ind1=" " ind2=" ">
      <subfield code="a">Alexandria, VA :</subfield>
      <subfield code="b">National Credit Union Administration, Office of Examination and Insurance,</subfield>
      <subfield code="c">[1994]</subfield>
    </datafield>
    <datafield tag="300" ind1=" " ind2=" ">
      <subfield code="a">1 poster :</subfield>
      <subfield code="b">blue ;</subfield>
      <subfield code="c">36 x 27 cm.</subfield>
    </datafield>
    <datafield tag="500" ind1=" " ind2=" ">
      <subfield code="a">Shipping list no.: 2000-0121-P.</subfield>
    </datafield>
    <datafield tag="500" ind1=" " ind2=" ">
      <subfield code="a">"NCUA 1582."</subfield>
    </datafield>
    <datafield tag="596" ind1=" " ind2=" ">
      <subfield code="a">2</subfield>
    </datafield>
    <datafield tag="650" ind1=" " ind2="0">
      <subfield code="a">Discrimination in housing</subfield>
      <subfield code="z">United States</subfield>
      <subfield code="v">Posters.</subfield>
    </datafield>
    <datafield tag="650" ind1=" " ind2="0">
      <subfield code="a">Discrimination in mortgage loans</subfield>
      <subfield code="z">United States</subfield>
      <subfield code="v">Posters.</subfield>
    </datafield>
    <datafield tag="710" ind1="1" ind2=" ">
      <subfield code="a">United States.</subfield>
      <subfield code="b">National Credit Union Administration.</subfield>
      <subfield code="b">Office of Examination and Insurance.</subfield>
    </datafield>
    <datafield tag="900" ind1=" " ind2=" ">
      <subfield code="a">tmp97167186</subfield>
    </datafield>
    <datafield tag="999" ind1=" " ind2=" ">
      <subfield code="a">NCU 1.2:L 54/994</subfield>
      <subfield code="w">SUDOC</subfield>
      <subfield code="c">1</subfield>
      <subfield code="i">X005063643</subfield>
      <subfield code="l">DOC-US</subfield>
      <subfield code="m">ALDERMAN</subfield>
      <subfield code="r">Y</subfield>
      <subfield code="s">Y</subfield>
      <subfield code="t">DOCUMENT</subfield>
      <subfield code="u">2/18/2000</subfield>
      <subfield code="z">MARCIVE</subfield>
    </datafield>
  </record>