
  <record>
    <leader>02726cms a2200553 a 4500</leader>
    <controlfield tag="001">u3507441</controlfield>
    <controlfield tag="003">OCoLC</controlfield>
    <controlfield tag="005">20000124091158.0</controlfield>
    <controlfield tag="006">sar    s   f0    0</controlfield>
    <controlfield tag="007">cj uou        </controlfield>
    <controlfield tag="008">911023d19uu1994dcu        d f      eng d</controlfield>
    <datafield tag="010" ind1=" " ind2=" ">
      <subfield code="a">sn 91019549</subfield>
    </datafield>
    <datafield tag="035" ind1=" " ind2=" ">
      <subfield code="a">(Sirsi) ocm24609007</subfield>
    </datafield>
    <datafield tag="035" ind1=" " ind2=" ">
      <subfield code="a">(OCoLC)24609007</subfield>
    </datafield>
    <datafield tag="040" ind1=" " ind2=" ">
      <subfield code="a">COO</subfield>
      <subfield code="d">GPO</subfield>
      <subfield code="d">HUL</subfield>
      <subfield code="d">GPO</subfield>
      <subfield code="d">CLU</subfield>
      <subfield code="d">GPO</subfield>
      <subfield code="d">OCL</subfield>
      <subfield code="d">IUL</subfield>
      <subfield code="d">GPO</subfield>
      <subfield code="d">DLC</subfield>
      <subfield code="d">MvI</subfield>
    </datafield>
    <datafield tag="042" ind1=" " ind2=" ">
      <subfield code="a">lcd</subfield>
    </datafield>
    <datafield tag="043" ind1=" " ind2=" ">
      <subfield code="a">n-us---</subfield>
    </datafield>
    <datafield tag="049" ind1=" " ind2=" ">
      <subfield code="a">VA@D</subfield>
    </datafield>
    <datafield tag="050" ind1="1" ind2="4">
      <subfield code="a">TJ163.25.U6</subfield>
      <subfield code="b">U534</subfield>
    </datafield>
    <datafield tag="074" ind1=" " ind2=" ">
      <subfield code="a">0429-X-04</subfield>
    </datafield>
    <datafield tag="086" ind1="0" ind2=" ">
      <subfield code="a">E 3.1/2:</subfield>
    </datafield>
    <datafield tag="245" ind1="0" ind2="0">
      <subfield code="a">Annual energy review database</subfield>
      <subfield code="h">[electronic resource]</subfield>
    </datafield>
    <datafield tag="246" ind1="1" ind2="3">
      <subfield code="a">AERDB</subfield>
    </datafield>
    <datafield tag="260" ind1=" " ind2=" ">
      <subfield code="a">Washington :</subfield>
      <subfield code="b">Energy Information Administration,</subfield>
    </datafield>
    <datafield tag="300" ind1=" " ind2=" ">
      <subfield code="a">computer disks ;</subfield>
      <subfield code="c">5 1/4 in. +</subfield>
      <subfield code="e">documentation</subfield>
    </datafield>
    <datafield tag="310" ind1=" " ind2=" ">
      <subfield code="a">Annual</subfield>
    </datafield>
    <datafield tag="362" ind1="1" ind2=" ">
      <subfield code="a">Ceased with 1994? issue.</subfield>
    </datafield>
    <datafield tag="500" ind1=" " ind2=" ">
      <subfield code="a">Disk characteristics: double sided, high density, soft sectored.</subfield>
    </datafield>
    <datafield tag="500" ind1=" " ind2=" ">
      <subfield code="a">Description based on: 1990; title from disk label.</subfield>
    </datafield>
    <datafield tag="516" ind1=" " ind2=" ">
      <subfield code="a">Written in ASCII format.</subfield>
    </datafield>
    <datafield tag="520" ind1=" " ind2=" ">
      <subfield code="a">Contains data that appear in tables in: Annual energy review (United States. Energy Information Administration)</subfield>
    </datafield>
    <datafield tag="530" ind1=" " ind2=" ">
      <subfield code="a">Data available also in print ed.: Annual energy review.</subfield>
    </datafield>
    <datafield tag="530" ind1=" " ind2=" ">
      <subfield code="a">Data available also in online version: Annual energy review (Online version). Telnet as of 1/29/96 to fedbbs.access.gpo.gov 3001; current access is available via PURL.</subfield>
    </datafield>
    <datafield tag="538" ind1=" " ind2=" ">
      <subfield code="a">System requirements: IBM-compatible PC; DOS; high density (1.2 MB) disk drive(s).</subfield>
    </datafield>
    <datafield tag="580" ind1=" " ind2=" ">
      <subfield code="a">Many of the annual data updated monthly by: Monthly energy review database.</subfield>
    </datafield>
    <datafield tag="580" ind1=" " ind2=" ">
      <subfield code="a">Continued as part of CDROM: Energy infoDisc.</subfield>
    </datafield>
    <datafield tag="596" ind1=" " ind2=" ">
      <subfield code="a">1 2</subfield>
    </datafield>
    <datafield tag="650" ind1=" " ind2="0">
      <subfield code="a">Power resources</subfield>
      <subfield code="z">United States</subfield>
      <subfield code="v">Statistics</subfield>
      <subfield code="v">Periodicals.</subfield>
    </datafield>
    <datafield tag="650" ind1=" " ind2="0">
      <subfield code="a">Energy consumption</subfield>
      <subfield code="z">United States</subfield>
      <subfield code="v">Statistics</subfield>
      <subfield code="v">Periodicals.</subfield>
    </datafield>
    <datafield tag="710" ind1="1" ind2=" ">
      <subfield code="a">United States.</subfield>
      <subfield code="b">Energy Information Administration.</subfield>
    </datafield>
    <datafield tag="730" ind1="0" ind2=" ">
      <subfield code="a">Annual energy review.</subfield>
    </datafield>
    <datafield tag="776" ind1="1" ind2=" ">
      <subfield code="t">Annual energy review</subfield>
      <subfield code="x">0740-3909</subfield>
      <subfield code="w">(DLC)   83645824</subfield>
      <subfield code="w">(OCoLC)9563095</subfield>
    </datafield>
    <datafield tag="776" ind1="1" ind2=" ">
      <subfield code="t">Annual energy review (Online version)</subfield>
      <subfield code="w">(OCoLC)34097299</subfield>
    </datafield>
    <datafield tag="785" ind1="1" ind2="4">
      <subfield code="t">Energy infoDisc</subfield>
      <subfield code="w">(DLC)   97652034</subfield>
      <subfield code="w">(OCoLC)34653719</subfield>
    </datafield>
    <datafield tag="787" ind1="1" ind2=" ">
      <subfield code="t">Monthly energy review database</subfield>
      <subfield code="w">(DLC)   95645686</subfield>
      <subfield code="w">(OCoLC)24124135</subfield>
    </datafield>
    <datafield tag="850" ind1=" " ind2=" ">
      <subfield code="a">CLU</subfield>
      <subfield code="a">InU</subfield>
      <subfield code="a">MH</subfield>
      <subfield code="a">NIC</subfield>
    </datafield>
    <datafield tag="856" ind1="4" ind2="1">
      <subfield code="u">http://purl.access.gpo.gov/GPO/LPS3492</subfield>
      <subfield code="z">key in "annual energy review" in the "title" search box provided; click on "Search" to display listing of available issues, and then click on issue to view (requires Adobe Acrobat software which is available for download)</subfield>
    </datafield>
    <datafield tag="999" ind1=" " ind2=" ">
      <subfield code="a">E 3.1/2:</subfield>
      <subfield code="w">SUDOC</subfield>
      <subfield code="c">1</subfield>
      <subfield code="i">3507441-1001</subfield>
      <subfield code="l">DOC-READRM</subfield>
      <subfield code="m">ALDERMAN</subfield>
      <subfield code="r">Y</subfield>
      <subfield code="s">Y</subfield>
      <subfield code="t">CD-ROM</subfield>
      <subfield code="u">2/20/2000</subfield>
      <subfield code="z">MARCIVE</subfield>
    </datafield>
    <datafield tag="999" ind1=" " ind2=" ">
      <subfield code="a">XX(3507441.2)</subfield>
      <subfield code="w">WEB</subfield>
      <subfield code="c">1</subfield>
      <subfield code="i">3507441-2001</subfield>
      <subfield code="l">INTERNET</subfield>
      <subfield code="m">UVA-LIB</subfield>
      <subfield code="r">Y</subfield>
      <subfield code="s">Y</subfield>
      <subfield code="t">INTERNET</subfield>
      <subfield code="u">2/22/2002</subfield>
      <subfield code="z">MARCIVE</subfield>
    </datafield>
  </record>