
  <record>
    <leader>02155cgm a2200349Ia 4500</leader>
    <controlfield tag="001">u3514547</controlfield>
    <controlfield tag="003">OCoLC</controlfield>
    <controlfield tag="005">20030205115407.0</controlfield>
    <controlfield tag="007">vd cvaiz </controlfield>
    <controlfield tag="008">020801s1999    cau145            vleng d</controlfield>
    <datafield tag="028" ind1="4" ind2="2">
      <subfield code="a">2232</subfield>
      <subfield code="b">Passport</subfield>
    </datafield>
    <datafield tag="035" ind1=" " ind2=" ">
      <subfield code="a">(Sirsi) o50282383</subfield>
    </datafield>
    <datafield tag="040" ind1=" " ind2=" ">
      <subfield code="a">IAM</subfield>
      <subfield code="c">IAM</subfield>
    </datafield>
    <datafield tag="245" ind1="0" ind2="0">
      <subfield code="a">Hollywood musicals of the 1960's</subfield>
      <subfield code="h">[videorecording].</subfield>
    </datafield>
    <datafield tag="246" ind1="1" ind2=" ">
      <subfield code="i">Title on container and disc label:</subfield>
      <subfield code="a">Hollywood musicals of the 60's</subfield>
    </datafield>
    <datafield tag="246" ind1="3" ind2="0">
      <subfield code="a">Musicals of the 60's</subfield>
    </datafield>
    <datafield tag="260" ind1=" " ind2=" ">
      <subfield code="a">North Hollywood, CA :</subfield>
      <subfield code="b">Passport Video,</subfield>
      <subfield code="c">c1999.</subfield>
    </datafield>
    <datafield tag="300" ind1=" " ind2=" ">
      <subfield code="a">1 videodisc (145 min.) :</subfield>
      <subfield code="b">sd., col. &amp; b&amp;w ;</subfield>
      <subfield code="c">4 3/4 in.</subfield>
    </datafield>
    <datafield tag="505" ind1="0" ind2=" ">
      <subfield code="a">My fair Lady -- Mary Poppins -- Music Man -- West Side story -- Sound of music -- Finian's rainbow -- Bells are ringing -- Star! -- Paint your wagon -- Gypsy -- Oliver! -- Camelot -- Funny girl -- Darling Lili -- Hello, Dolly! -- Dr. Dolittle -- Bye, bye birdie -- Sweet Charity -- Chitty chitty bang bang -- How to succeed in business without really trying -- Thoroughly modern Millie -- Help! -- Hard days's night -- Yellow submarine -- On a clear day you can see forever -- plus, a rarely seen featurette detailing The Making of funny girl starring Barbra Streisand...</subfield>
    </datafield>
    <datafield tag="508" ind1=" " ind2=" ">
      <subfield code="a">Director, Everette Jbob Webber ; producer, Dante J. Pugliese ; writer, Chris Case.</subfield>
    </datafield>
    <datafield tag="511" ind1="1" ind2=" ">
      <subfield code="a">Julie Andrews, Audrey Hepburn, Judy Holliday, Rex Harrison, Vanessa Redgrave, Dick Van Dyke, Shirley Jones, Natalie Wood, Rosalind Russell, Dean Martin, Mary Tyler Moore, Rock Hudson, Robert Preston, Richard Harris, Frank Sinatra, Shirley MacLaine, Ann-Margret, Janet Leigh, and more.</subfield>
    </datafield>
    <datafield tag="520" ind1=" " ind2=" ">
      <subfield code="a">Celebrate the musicals of the 1960's and go behind the scenes to see how these musicals were made.</subfield>
    </datafield>
    <datafield tag="538" ind1=" " ind2=" ">
      <subfield code="a">DVD.</subfield>
    </datafield>
    <datafield tag="596" ind1=" " ind2=" ">
      <subfield code="a">20</subfield>
    </datafield>
    <datafield tag="650" ind1=" " ind2="0">
      <subfield code="a">Motion pictures</subfield>
      <subfield code="z">United States</subfield>
      <subfield code="x">History.</subfield>
    </datafield>
    <datafield tag="655" ind1=" " ind2="0">
      <subfield code="a">Documentary films.</subfield>
    </datafield>
    <datafield tag="655" ind1=" " ind2="0">
      <subfield code="a">Musical films</subfield>
      <subfield code="z">United States</subfield>
      <subfield code="x">History and criticism.</subfield>
    </datafield>
    <datafield tag="700" ind1="1" ind2=" ">
      <subfield code="a">Webber, Everette Jbob.</subfield>
    </datafield>
    <datafield tag="700" ind1="1" ind2=" ">
      <subfield code="a">Pugliese, Dante J.</subfield>
    </datafield>
    <datafield tag="710" ind1="2" ind2=" ">
      <subfield code="a">Passport Video.</subfield>
    </datafield>
    <datafield tag="994" ind1=" " ind2=" ">
      <subfield code="a">Z0</subfield>
      <subfield code="b">VA@</subfield>
    </datafield>
    <datafield tag="999" ind1=" " ind2=" ">
      <subfield code="a">VIDEO .DVD01411</subfield>
      <subfield code="w">ALPHANUM</subfield>
      <subfield code="c">1</subfield>
      <subfield code="i">X004402949</subfield>
      <subfield code="d">9/14/2005</subfield>
      <subfield code="e">9/12/2005</subfield>
      <subfield code="l">VAULT</subfield>
      <subfield code="m">MEDIA-CTR</subfield>
      <subfield code="n">8</subfield>
      <subfield code="r">Y</subfield>
      <subfield code="s">Y</subfield>
      <subfield code="t">VIDEO-DVD</subfield>
      <subfield code="u">3/11/2000</subfield>
      <subfield code="x">MEMBERCOPY</subfield>
    </datafield>
  </record>