
  <record>
    <leader>01089nam a22002175a 4500</leader>
    <controlfield tag="001">testArabic1</controlfield>
    <controlfield tag="005">20070515112139.0</controlfield>
    <controlfield tag="008">070315s2006    su       b    000 0 arard</controlfield>
    <datafield tag="020" ind1=" " ind2=" ">
      <subfield code="a">9960046605 :</subfield>
      <subfield code="c">$4.00</subfield>
    </datafield>
    <datafield tag="035" ind1=" " ind2=" ">
      <subfield code="a">(LB-BrSB)166-144</subfield>
    </datafield>
    <datafield tag="040" ind1=" " ind2=" ">
      <subfield code="a">LB-BrSB</subfield>
      <subfield code="c">LB-BrSB</subfield>
    </datafield>
    <datafield tag="066" ind1=" " ind2=" ">
      <subfield code="c">(3</subfield>
    </datafield>
    <datafield tag="100" ind1="1" ind2=" ">
      <subfield code="6">880-01</subfield>
      <subfield code="a">Abā Buṭayn, Aḥmad ibn Muḥammad ibn ʻAbd Allāh.</subfield>
    </datafield>
    <datafield tag="880" ind1="1" ind2=" ">
      <subfield code="6">100-01</subfield>
      <subfield code="a">أبا بطين، أحمد بن محمد بن عبد الله.</subfield>
    </datafield>
    <datafield tag="245" ind1="1" ind2="0">
      <subfield code="6">880-05</subfield>
      <subfield code="a">Fiqh al-daʻwah ilá Allāh taʻālá fī ḍawʼ ḥadīth ibn ʻUmar /</subfield>
      <subfield code="c">iʻdād Aḥmad ibn Muḥammad ibn ʻAbd Allāh Abābṭīn.</subfield>
    </datafield>
    <datafield tag="880" ind1="1" ind2="0">
      <subfield code="6">245-05</subfield>
      <subfield code="a">فقه الدعوة الى الله تعالى في ضوء حديث ابن عمر /</subfield>
      <subfield code="c">إعداد أحمد بن محمد بن عبد الله أبابطين.</subfield>
    </datafield>
    <datafield tag="260" ind1=" " ind2=" ">
      <subfield code="6">880-07</subfield>
      <subfield code="a">al-Riyāḍ :</subfield>
      <subfield code="b">Jāmiʻat al-Imām Muḥammad ibn Saʻūd al-Islāmīyah,</subfield>
      <subfield code="c">2006.</subfield>
    </datafield>
    <datafield tag="880" ind1=" " ind2=" ">
      <subfield code="6">260-07</subfield>
      <subfield code="a">الرياض :</subfield>
      <subfield code="b">جامعة الإمام محمد بن سعود الإسلامية،</subfield>
      <subfield code="c">2006.</subfield>
    </datafield>
    <datafield tag="300" ind1=" " ind2=" ">
      <subfield code="a">104 p. ;</subfield>
      <subfield code="c">20 cm.</subfield>
    </datafield>
    <datafield tag="440" ind1=" " ind2="0">
      <subfield code="6">880-08</subfield>
      <subfield code="a">Buḥūth al-ʻIlmīyah</subfield>
    </datafield>
    <datafield tag="880" ind1=" " ind2="0">
      <subfield code="6">440-08</subfield>
      <subfield code="a">بحوث العلمية</subfield>
    </datafield>
    <datafield tag="752" ind1=" " ind2=" ">
      <subfield code="a">Saudi Arabia</subfield>
      <subfield code="d">Riyadh.</subfield>
    </datafield>
  </record>