
  <record>
    <leader>00847nam a22002177a 4500</leader>
    <controlfield tag="001">testHebrew1</controlfield>
    <controlfield tag="005">20070705141851.0</controlfield>
    <controlfield tag="008">060731s2006    is            000 0 heb d</controlfield>
    <datafield tag="020" ind1=" " ind2=" ">
      <subfield code="a">9654076098</subfield>
    </datafield>
    <datafield tag="035" ind1=" " ind2=" ">
      <subfield code="a">(IsJeAIW)wb2007323509</subfield>
    </datafield>
    <datafield tag="040" ind1=" " ind2=" ">
      <subfield code="a">IsJeAIW</subfield>
      <subfield code="c">IsJeAIW</subfield>
    </datafield>
    <datafield tag="100" ind1="1" ind2=" ">
      <subfield code="a">Aleph, Arik.</subfield>
    </datafield>
    <datafield tag="245" ind1="1" ind2="0">
      <subfield code="6">880-01</subfield>
      <subfield code="a">Optsyah poʼeṭit :</subfield>
      <subfield code="b">2 meshorerim /</subfield>
      <subfield code="c">Ariḳ A., ʻAmos Edelhaiṭ ; ʻarakh ṿe-hiḳdim mavo Gavriʼel Moḳed.</subfield>
    </datafield>
    <datafield tag="880" ind1="1" ind2="0">
      <subfield code="6">245-01</subfield>
      <subfield code="a">אופציה פואטית :</subfield>
      <subfield code="b">2 משוררים /</subfield>
      <subfield code="c">אריק א.; עמוס אדלהייט; ערך והקדים מבוא: גבריאל מוקד.</subfield>
    </datafield>
    <datafield tag="246" ind1="3" ind2=" ">
      <subfield code="a">Poetic option : 2 poets</subfield>
    </datafield>
    <datafield tag="260" ind1=" " ind2=" ">
      <subfield code="6">880-02</subfield>
      <subfield code="a">Yerushalayim :</subfield>
      <subfield code="b">Karmel,</subfield>
      <subfield code="c">2006.</subfield>
    </datafield>
    <datafield tag="880" ind1=" " ind2=" ">
      <subfield code="6">260-02</subfield>
      <subfield code="a">ירושלים :</subfield>
      <subfield code="b">כרמל,</subfield>
      <subfield code="c">2006.</subfield>
    </datafield>
    <datafield tag="300" ind1=" " ind2=" ">
      <subfield code="a">136 p. ;</subfield>
      <subfield code="c">22 cm.</subfield>
    </datafield>
    <datafield tag="440" ind1=" " ind2="0">
      <subfield code="a">Sidrah le-sifrut ʻivrit</subfield>
    </datafield>
    <datafield tag="700" ind1="1" ind2=" ">
      <subfield code="a">Edelheit, Amos.</subfield>
    </datafield>
    <datafield tag="700" ind1="1" ind2=" ">
      <subfield code="a">Moked, Gabriel.</subfield>
    </datafield>
    <datafield tag="752" ind1=" " ind2=" ">
      <subfield code="a">Israel</subfield>
      <subfield code="d">Jerusalem.</subfield>
    </datafield>
  </record>