
  <record>
    <leader>01841cam a2200361Ia 4500</leader>
    <controlfield tag="001">testRussian1</controlfield>
    <controlfield tag="005">20070629104126.0</controlfield>
    <controlfield tag="008">070213s2007    ru acf        000 0 rusod</controlfield>
    <datafield tag="020" ind1=" " ind2=" ">
      <subfield code="a">594663383X</subfield>
    </datafield>
    <datafield tag="020" ind1=" " ind2=" ">
      <subfield code="a">9785946633833</subfield>
    </datafield>
    <datafield tag="035" ind1="0" ind2=" ">
      <subfield code="a">ocm83598326</subfield>
    </datafield>
    <datafield tag="040" ind1=" " ind2=" ">
      <subfield code="a">EVIEW</subfield>
      <subfield code="c">EVIEW</subfield>
      <subfield code="d">TEF</subfield>
    </datafield>
    <datafield tag="043" ind1=" " ind2=" ">
      <subfield code="a">e-ru---</subfield>
    </datafield>
    <datafield tag="050" ind1="1" ind2="4">
      <subfield code="a">PN1993.5.R8</subfield>
      <subfield code="b">A15 2007</subfield>
    </datafield>
    <datafield tag="066" ind1=" " ind2=" ">
      <subfield code="c">(N</subfield>
    </datafield>
    <datafield tag="245" ind1="0" ind2="0">
      <subfield code="6">880-01</subfield>
      <subfield code="a">90-e :</subfield>
      <subfield code="b">kino, kotoroe my poteri͡ali /</subfield>
      <subfield code="c">sostavitelʹ Larisa Mali͡ukova.</subfield>
    </datafield>
    <datafield tag="880" ind1="0" ind2="0">
      <subfield code="6">245-01</subfield>
      <subfield code="a">90-e :</subfield>
      <subfield code="b">кино, которое мы потеряли /</subfield>
      <subfield code="c">составитель Лариса Малюкова.</subfield>
    </datafield>
    <datafield tag="246" ind1="3" ind2="0">
      <subfield code="6">880-02</subfield>
      <subfield code="a">Kino, kotoroe my poteri͡ali</subfield>
    </datafield>
    <datafield tag="880" ind1="3" ind2="0">
      <subfield code="6">246-02</subfield>
      <subfield code="a">Кино, которое мы потеряли</subfield>
    </datafield>
    <datafield tag="246" ind1="3" ind2=" ">
      <subfield code="6">880-03</subfield>
      <subfield code="a">Devi͡anostye :</subfield>
      <subfield code="b">kino, kotoroe my poteri͡ali</subfield>
    </datafield>
    <datafield tag="880" ind1="3" ind2=" ">
      <subfield code="6">246-03</subfield>
      <subfield code="a">Девяностые :</subfield>
      <subfield code="b">кино, которое мы потеряли</subfield>
    </datafield>
    <datafield tag="260" ind1=" " ind2=" ">
      <subfield code="6">880-04</subfield>
      <subfield code="a">Moskva :</subfield>
      <subfield code="b">Novai͡a gazeta :</subfield>
      <subfield code="b">Zebra E,</subfield>
      <subfield code="c">2007.</subfield>
    </datafield>
    <datafield tag="880" ind1=" " ind2=" ">
      <subfield code="6">260-04</subfield>
      <subfield code="a">Москва :</subfield>
      <subfield code="b">Новая газета :</subfield>
      <subfield code="b">Зебра Е,</subfield>
      <subfield code="c">2007.</subfield>
    </datafield>
    <datafield tag="300" ind1=" " ind2=" ">
      <subfield code="a">254 p., [16] p. of plates :</subfield>
      <subfield code="b">ill., ports. ;</subfield>
      <subfield code="c">22 cm.</subfield>
    </datafield>
    <datafield tag="500" ind1=" " ind2=" ">
      <subfield code="6">880-05</subfield>
      <subfield code="a">At head of title on cover: Federalʹnoe agentstvo po kulʹture i kinematografii.</subfield>
    </datafield>
    <datafield tag="880" ind1=" " ind2=" ">
      <subfield code="6">500-05</subfield>
      <subfield code="a">At head of title on cover: Федеральное агентство по культуре и кинематографии.</subfield>
    </datafield>
    <datafield tag="500" ind1=" " ind2=" ">
      <subfield code="6">880-06</subfield>
      <subfield code="a">Subtitle appears as: Kino, kotorye my poteri͡ali.</subfield>
    </datafield>
    <datafield tag="880" ind1=" " ind2=" ">
      <subfield code="6">500-06</subfield>
      <subfield code="a">Subtitle appears as: Кино, которые мы потеряли.</subfield>
    </datafield>
    <datafield tag="650" ind1=" " ind2="0">
      <subfield code="a">Motion pictures</subfield>
      <subfield code="z">Russia (Federation)</subfield>
      <subfield code="x">History and criticism.</subfield>
    </datafield>
    <datafield tag="650" ind1=" " ind2="0">
      <subfield code="a">Nineteen nineties.</subfield>
    </datafield>
    <datafield tag="700" ind1="1" ind2=" ">
      <subfield code="6">880-07</subfield>
      <subfield code="a">Mali͡ukova, Larisa.</subfield>
    </datafield>
    <datafield tag="880" ind1="1" ind2=" ">
      <subfield code="6">700-07</subfield>
      <subfield code="a">Малюкова, Лариса.</subfield>
    </datafield>
    <datafield tag="710" ind1="2" ind2=" ">
      <subfield code="6">880-08</subfield>
      <subfield code="a">Federalʹnoe agentstvo po kulʹture i kinematografii (Russia)</subfield>
    </datafield>
    <datafield tag="880" ind1="2" ind2=" ">
      <subfield code="6">710-08</subfield>
      <subfield code="a">Федеральное агентство по культуре и кинематографии (Russia)</subfield>
    </datafield>
  </record>