
  <record>
    <leader>01125nam a2200301Ia 4500</leader>
    <controlfield tag="001">testChinese2</controlfield>
    <controlfield tag="005">20070907112306.0</controlfield>
    <controlfield tag="008">070202s2006    cc a     b    000 0 chi d</controlfield>
    <datafield tag="020" ind1=" " ind2=" ">
      <subfield code="a">7500453620</subfield>
    </datafield>
    <datafield tag="020" ind1=" " ind2=" ">
      <subfield code="a">9787500453628</subfield>
    </datafield>
    <datafield tag="035" ind1="0" ind2=" ">
      <subfield code="a">ocm81357376</subfield>
    </datafield>
    <datafield tag="040" ind1=" " ind2=" ">
      <subfield code="a">CUY</subfield>
      <subfield code="c">CUY</subfield>
    </datafield>
    <datafield tag="043" ind1=" " ind2=" ">
      <subfield code="a">a-cc-pe</subfield>
    </datafield>
    <datafield tag="066" ind1=" " ind2=" ">
      <subfield code="c">$1</subfield>
    </datafield>
    <datafield tag="090" ind1=" " ind2=" ">
      <subfield code="a">HQ1770.B45</subfield>
      <subfield code="b">B45 2006</subfield>
    </datafield>
    <datafield tag="880" ind1="2" ind2=" ">
      <subfield code="6">110-01</subfield>
      <subfield code="a">北京市妇女联合会.</subfield>
    </datafield>
    <datafield tag="110" ind1="2" ind2=" ">
      <subfield code="6">880-01</subfield>
      <subfield code="a">Beijing Shi fu nü lian he hui.</subfield>
    </datafield>
    <datafield tag="245" ind1="1" ind2="0">
      <subfield code="6">880-02</subfield>
      <subfield code="a">Beijing fu nü fa zhan bao gao, 1995-2005 =</subfield>
      <subfield code="b">Beijing funü fazhan baogao /</subfield>
      <subfield code="c">Beijing Shi fu nü lian he hui bian.</subfield>
    </datafield>
    <datafield tag="880" ind1="1" ind2="0">
      <subfield code="6">245-02</subfield>
      <subfield code="a">北京妇女发展报告,1995-2005 =</subfield>
      <subfield code="b">Beijing funü fazhan baogao /</subfield>
      <subfield code="c">北京市妇女联合会编.</subfield>
    </datafield>
    <datafield tag="246" ind1="3" ind2="1">
      <subfield code="a">Beijing funü fazhan baogao</subfield>
    </datafield>
    <datafield tag="250" ind1=" " ind2=" ">
      <subfield code="6">880-03</subfield>
      <subfield code="a">Di 1 ban.</subfield>
    </datafield>
    <datafield tag="880" ind1=" " ind2=" ">
      <subfield code="6">250-03</subfield>
      <subfield code="a">第1版.</subfield>
    </datafield>
    <datafield tag="260" ind1=" " ind2=" ">
      <subfield code="6">880-04</subfield>
      <subfield code="a">Beijing :</subfield>
      <subfield code="b">Zhongguo she hui ke xue chu ban she,</subfield>
      <subfield code="c">2006.</subfield>
    </datafield>
    <datafield tag="880" ind1=" " ind2=" ">
      <subfield code="6">260-04</subfield>
      <subfield code="a">北京 :</subfield>
      <subfield code="b">中国社会科学出版社,</subfield>
      <subfield code="c">2006.</subfield>
    </datafield>
    <datafield tag="300" ind1=" " ind2=" ">
      <subfield code="a">4, 484 p. :</subfield>
      <subfield code="b">ill. ;</subfield>
      <subfield code="c">24 cm.</subfield>
    </datafield>
    <datafield tag="504" ind1=" " ind2=" ">
      <subfield code="a">Includes bibliographical references.</subfield>
    </datafield>
    <datafield tag="650" ind1=" " ind2="0">
      <subfield code="a">Women</subfield>
      <subfield code="z">China</subfield>
      <subfield code="z">Beijing.</subfield>
    </datafield>
    <datafield tag="710" ind1="2" ind2=" ">
      <subfield code="6">880-05</subfield>
      <subfield code="a">Beijing Shi fu nü lian he hui.</subfield>
    </datafield>
    <datafield tag="880" ind1="2" ind2=" ">
      <subfield code="6">710-05</subfield>
      <subfield code="a">北京市妇女联合会.</subfield>
    </datafield>
  </record>