
  <record>
    <leader>01667nam a22003374a 4500</leader>
    <controlfield tag="001">testJapanese1</controlfield>
    <controlfield tag="005">20070914152151.0</controlfield>
    <controlfield tag="008">070712s2006    ja a     bc   000 0 jpn  </controlfield>
    <datafield tag="010" ind1=" " ind2=" ">
      <subfield code="a">  2007555811</subfield>
    </datafield>
    <datafield tag="035" ind1="0" ind2=" ">
      <subfield code="a">ocn156995285</subfield>
    </datafield>
    <datafield tag="040" ind1=" " ind2=" ">
      <subfield code="a">DLC-R</subfield>
      <subfield code="c">DLC</subfield>
    </datafield>
    <datafield tag="043" ind1=" " ind2=" ">
      <subfield code="a">a-ja---</subfield>
    </datafield>
    <datafield tag="050" ind1="0" ind2="0">
      <subfield code="a">NK1484.A1</subfield>
      <subfield code="b">A36 2007</subfield>
    </datafield>
    <datafield tag="066" ind1=" " ind2=" ">
      <subfield code="c">$1</subfield>
    </datafield>
    <datafield tag="245" ind1="0" ind2="0">
      <subfield code="6">880-01</subfield>
      <subfield code="a">Ainu monʼyō no bi :</subfield>
      <subfield code="b">sen no inochi, ikizuku katachi = The beauty of Ainu design /</subfield>
      <subfield code="c">[henshū Hokkaidoritsu Kindai Bijutsukan, Ainu Bunka Shinkō Suishin Kikō].</subfield>
    </datafield>
    <datafield tag="880" ind1="0" ind2="0">
      <subfield code="6">245-01</subfield>
      <subfield code="a">アイヌ文様の美 :</subfield>
      <subfield code="b">線のいのち息ずくかたち = The beauty of Ainu design /</subfield>
      <subfield code="c">[編集北海道立近代美術館,アイヌ文化振興推進機構].</subfield>
    </datafield>
    <datafield tag="246" ind1="3" ind2="1">
      <subfield code="a">Beauty of Ainu design</subfield>
    </datafield>
    <datafield tag="260" ind1=" " ind2=" ">
      <subfield code="6">880-02</subfield>
      <subfield code="a">Sapporo-shi :</subfield>
      <subfield code="b">Ainu Bunka Shinkō Suishin Kikō,</subfield>
      <subfield code="c">2006.</subfield>
    </datafield>
    <datafield tag="880" ind1=" " ind2=" ">
      <subfield code="6">260-02</subfield>
      <subfield code="a">札幌市 :</subfield>
      <subfield code="b">アイヌ文化振興推進機構,</subfield>
      <subfield code="c">2006.</subfield>
    </datafield>
    <datafield tag="300" ind1=" " ind2=" ">
      <subfield code="a">207 p. :</subfield>
      <subfield code="b">col. ill. ;</subfield>
      <subfield code="c">30 cm.</subfield>
    </datafield>
    <datafield tag="500" ind1=" " ind2=" ">
      <subfield code="a">In Japanese.</subfield>
    </datafield>
    <datafield tag="500" ind1=" " ind2=" ">
      <subfield code="a">Catalog of an exhibition held at Kita Kyūshū Shiritsu Inochi no Tabi Hakubutsukan, Sept. 23-Nov. 26, 2006 and at Hokkaidōritsu Kindai Bijutsukan, Dec. 13, 2006-Jan. 28, 2007.</subfield>
    </datafield>
    <datafield tag="504" ind1=" " ind2=" ">
      <subfield code="a">Includes bibliographical references (p. 202-203).</subfield>
    </datafield>
    <datafield tag="650" ind1=" " ind2="0">
      <subfield code="a">Decoration and ornament, Ainu</subfield>
      <subfield code="v">Exhibitions.</subfield>
    </datafield>
    <datafield tag="650" ind1=" " ind2="0">
      <subfield code="a">Decoration and ornament</subfield>
      <subfield code="z">Japan</subfield>
      <subfield code="v">Exhibitions.</subfield>
    </datafield>
    <datafield tag="650" ind1=" " ind2="0">
      <subfield code="a">Art, Ainu</subfield>
      <subfield code="v">Exhibitions.</subfield>
    </datafield>
    <datafield tag="710" ind1="2" ind2=" ">
      <subfield code="6">880-03</subfield>
      <subfield code="a">Hokkaidōritsu Kindai Bijutsukan.</subfield>
    </datafield>
    <datafield tag="880" ind1="2" ind2=" ">
      <subfield code="6">710-03</subfield>
      <subfield code="a">北海道立近代美術館.</subfield>
    </datafield>
    <datafield tag="710" ind1="2" ind2=" ">
      <subfield code="6">880-04</subfield>
      <subfield code="a">Ainu Bunka Shinkō Suishin Kikō.</subfield>
    </datafield>
    <datafield tag="880" ind1="2" ind2=" ">
      <subfield code="6">710-04</subfield>
      <subfield code="a">アイヌ文化振興推進機構.</subfield>
    </datafield>
    <datafield tag="710" ind1="2" ind2=" ">
      <subfield code="6">880-05</subfield>
      <subfield code="a">Kitakyūshū Shiritsu Inochi no Tabi Hakubutsukan.</subfield>
    </datafield>
    <datafield tag="880" ind1="2" ind2=" ">
      <subfield code="6">710-05</subfield>
      <subfield code="a">北九州市立いのちのたび博物館.</subfield>
    </datafield>
  </record>