
  <record>
    <leader>02742cam a22006374a 4500</leader>
    <controlfield tag="001">u6634659</controlfield>
    <controlfield tag="003">SIRSI</controlfield>
    <controlfield tag="005">20151021131414.0</controlfield>
    <controlfield tag="008">030521s2003    ko ac         001 0 kor  </controlfield>
    <datafield ind1=" " ind2=" " tag="010">
      <subfield code="a">  2003453202</subfield>
    </datafield>
    <datafield ind1=" " ind2=" " tag="020">
      <subfield code="a">8935654620</subfield>
      <subfield code="q">(set)</subfield>
    </datafield>
    <datafield ind1=" " ind2=" " tag="020">
      <subfield code="a">9788935654628</subfield>
      <subfield code="q">(set)</subfield>
    </datafield>
    <datafield ind1=" " ind2=" " tag="020">
      <subfield code="a">8935654639</subfield>
    </datafield>
    <datafield ind1=" " ind2=" " tag="020">
      <subfield code="a">9788935654635</subfield>
    </datafield>
    <datafield ind1=" " ind2=" " tag="035">
      <subfield code="a">(OCoLC)53951640</subfield>
    </datafield>
    <datafield ind1=" " ind2=" " tag="040">
      <subfield code="a">DLC-R</subfield>
      <subfield code="b">eng</subfield>
      <subfield code="c">DLC</subfield>
      <subfield code="d">OCLCF</subfield>
      <subfield code="d">LOA</subfield>
      <subfield code="d">OCLCQ</subfield>
      <subfield code="d">OCLCO</subfield>
    </datafield>
    <datafield ind1=" " ind2=" " tag="042">
      <subfield code="a">pcc</subfield>
    </datafield>
    <datafield ind1=" " ind2=" " tag="043">
      <subfield code="a">a-kr---</subfield>
    </datafield>
    <datafield ind1="0" ind2="0" tag="050">
      <subfield code="a">DS908.2</subfield>
      <subfield code="b">.H34 2003</subfield>
    </datafield>
    <datafield ind1=" " ind2=" " tag="066">
      <subfield code="c">$1</subfield>
    </datafield>
    <datafield ind1=" " ind2=" " tag="082">
      <subfield code="a">CD909</subfield>
    </datafield>
    <datafield ind1="1" ind2=" " tag="100">
      <subfield code="6">880-01</subfield>
      <subfield code="a">Ham, Sŏk-hŏn,</subfield>
      <subfield code="d">1901-</subfield>
      <subfield code="e">author.</subfield>
    </datafield>
    <datafield ind1="1" ind2="0" tag="245">
      <subfield code="6">880-02</subfield>
      <subfield code="a">Ttŭt ŭro pon Han'guk yŏksa :</subfield>
      <subfield code="b">chŏlmŭnidul ŭl wihan sae p'yŏnjip /</subfield>
      <subfield code="c">Ham Sŏk-hŏn.</subfield>
    </datafield>
    <datafield ind1="1" ind2="5" tag="246">
      <subfield code="a">Korean history from a spiritual perspective</subfield>
    </datafield>
    <datafield ind1=" " ind2=" " tag="250">
      <subfield code="6">880-03</subfield>
      <subfield code="a">Che 1-p'an.</subfield>
    </datafield>
    <datafield ind1=" " ind2="1" tag="264">
      <subfield code="6">880-04</subfield>
      <subfield code="a">Kyŏnggi-do P'aju-si :</subfield>
      <subfield code="b">Han'gilsa,</subfield>
      <subfield code="c">2003.</subfield>
    </datafield>
    <datafield ind1=" " ind2="3" tag="264">
      <subfield code="c">[2014?]</subfield>
    </datafield>
    <datafield ind1=" " ind2=" " tag="300">
      <subfield code="a">507 pages :</subfield>
      <subfield code="b">illustrations (some color), portraits ;</subfield>
      <subfield code="c">23 cm.</subfield>
    </datafield>
    <datafield ind1=" " ind2=" " tag="336">
      <subfield code="a">text</subfield>
      <subfield code="b">txt</subfield>
      <subfield code="2">rdacontent</subfield>
    </datafield>
    <datafield ind1=" " ind2=" " tag="337">
      <subfield code="a">unmediated</subfield>
      <subfield code="b">n</subfield>
      <subfield code="2">rdamedia</subfield>
    </datafield>
    <datafield ind1=" " ind2=" " tag="338">
      <subfield code="a">volume</subfield>
      <subfield code="b">nc</subfield>
      <subfield code="2">rdacarrier</subfield>
    </datafield>
    <datafield ind1="1" ind2=" " tag="490">
      <subfield code="6">880-05</subfield>
      <subfield code="a">K'ŭn sŭsŭng Ham Sŏk-hŏn kip'i ilki ;</subfield>
      <subfield code="v">1</subfield>
    </datafield>
    <datafield ind1=" " ind2=" " tag="500">
      <subfield code="a">Revised edition of: Sŏngsŏjŏk ipchang esŏ pon Chosŏn yŏksa. 1950.</subfield>
    </datafield>
    <datafield ind1=" " ind2=" " tag="500">
      <subfield code="a">Includes index.</subfield>
    </datafield>
    <datafield ind1=" " ind2="7" tag="650">
      <subfield code="a">Civilization.</subfield>
      <subfield code="2">fast</subfield>
      <subfield code="0">(OCoLC)fst00862898</subfield>
    </datafield>
    <datafield ind1=" " ind2="7" tag="650">
      <subfield code="a">Philosophy.</subfield>
      <subfield code="2">fast</subfield>
      <subfield code="0">(OCoLC)fst01060777</subfield>
    </datafield>
    <datafield ind1=" " ind2="0" tag="651">
      <subfield code="a">Korea</subfield>
      <subfield code="x">History</subfield>
      <subfield code="x">Philosophy.</subfield>
    </datafield>
    <datafield ind1=" " ind2="0" tag="651">
      <subfield code="a">Korea</subfield>
      <subfield code="x">Civilization.</subfield>
    </datafield>
    <datafield ind1=" " ind2="7" tag="651">
      <subfield code="a">Korea.</subfield>
      <subfield code="2">fast</subfield>
      <subfield code="0">(OCoLC)fst01206434</subfield>
    </datafield>
    <datafield ind1=" " ind2="7" tag="655">
      <subfield code="a">History.</subfield>
      <subfield code="2">fast</subfield>
      <subfield code="0">(OCoLC)fst01411628</subfield>
    </datafield>
    <datafield ind1="1" ind2=" " tag="700">
      <subfield code="6">880-06</subfield>
      <subfield code="a">Ham, Sŏk-hŏn,</subfield>
      <subfield code="d">1901-</subfield>
      <subfield code="t">Sŏngsŏjŏk ipchang esŏ pon Chosŏn yŏksa.</subfield>
    </datafield>
    <datafield ind1="0" ind2="8" tag="776">
      <subfield code="i">Online version:</subfield>
      <subfield code="a">Ham, Sŏk-hŏn, 1901-</subfield>
      <subfield code="t">Ttŭt ŭro pon Han'guk yŏksa.</subfield>
      <subfield code="b">Che 1-p'an.</subfield>
      <subfield code="d">Kyŏnggi-do P'aju-si : Han'gilsa, 2003</subfield>
      <subfield code="w">(OCoLC)655523668</subfield>
    </datafield>
    <datafield ind1=" " ind2="0" tag="830">
      <subfield code="6">880-07</subfield>
      <subfield code="a">Kʻŭn sŭsŭng Ham Sŏk-hŏn kipʻi ilki ;</subfield>
      <subfield code="v">1.</subfield>
    </datafield>
    <datafield ind1="1" ind2=" " tag="880">
      <subfield code="6">100-01/$1</subfield>
      <subfield code="a">함 석헌,</subfield>
      <subfield code="d">1901-</subfield>
    </datafield>
    <datafield ind1="1" ind2="0" tag="880">
      <subfield code="6">245-02/$1</subfield>
      <subfield code="a">뜻 으로 본 한국 역사 :</subfield>
      <subfield code="b">젊은이들 을 위한 새 편집 /</subfield>
      <subfield code="c">함 석헌.</subfield>
    </datafield>
    <datafield ind1=" " ind2=" " tag="880">
      <subfield code="6">250-03/$1</subfield>
      <subfield code="a">제 1판.</subfield>
    </datafield>
    <datafield ind1=" " ind2="1" tag="880">
      <subfield code="6">264-04/$1</subfield>
      <subfield code="a">경기도 파주시 :</subfield>
      <subfield code="b">한길사,</subfield>
      <subfield code="c">2003.</subfield>
    </datafield>
    <datafield ind1="1" ind2=" " tag="880">
      <subfield code="6">490-00/$1</subfield>
      <subfield code="a">큰스승함석헌깊이읽기 ;</subfield>
      <subfield code="v">1</subfield>
    </datafield>
    <datafield ind1="1" ind2=" " tag="880">
      <subfield code="6">490-05/$1</subfield>
      <subfield code="a">큰 스승 함 석헌 깊이 읽기 ;</subfield>
      <subfield code="v">1</subfield>
    </datafield>
    <datafield ind1="1" ind2=" " tag="880">
      <subfield code="6">700-06/$1</subfield>
      <subfield code="a">함 석헌,</subfield>
      <subfield code="d">1901-</subfield>
      <subfield code="t">성서적 입장 에서 본 조선 역사.</subfield>
    </datafield>
    <datafield ind1=" " ind2="0" tag="880">
      <subfield code="6">830-00/$1</subfield>
      <subfield code="a">큰스승함석헌깊이읽기 ;</subfield>
      <subfield code="v">1.</subfield>
    </datafield>
    <datafield ind1=" " ind2="0" tag="880">
      <subfield code="6">830-07/$1</subfield>
      <subfield code="a">큰 스승 함 석헌 깊이 읽기 ;</subfield>
      <subfield code="v">1.</subfield>
    </datafield>
    <datafield ind1=" " ind2=" " tag="994">
      <subfield code="a">Z0</subfield>
      <subfield code="b">VA@</subfield>
    </datafield>
    <datafield ind1=" " ind2=" " tag="596">
      <subfield code="a">2</subfield>
    </datafield>
    <datafield ind1=" " ind2=" " tag="999">
      <subfield code="a">DS908.2 .H34 2003</subfield>
      <subfield code="w">LC</subfield>
      <subfield code="i">X031781543</subfield>
      <subfield code="l">STACKS</subfield>
      <subfield code="m">ALDERMAN</subfield>
      <subfield code="t">BOOK</subfield>
    </datafield>
  </record>
</collection>
